account,email,owner,marketplace,session,period,market,target,order,original,supplier,consumer,type,side,units,price,createdDate,lastModifiedDate
choice-moving,Surfer5@bmm,4843,322,6653,6653,638,NULL,1313012,1313012,1313012,1313019,LIMIT,SELL,1,10,2018-08-30T04:41:19.037,2018-08-30T04:41:26.823
choice-moving,Surfer12@bmm,4850,322,6653,6653,641,NULL,1313013,1313013,1313013,1313244,LIMIT,SELL,1,27,2018-08-30T04:41:20.025,2018-08-30T04:44:28.759
choice-moving,Surfer3@bmm,4841,322,6653,6653,640,NULL,1313014,1313014,1313014,1313062,LIMIT,SELL,1,6,2018-08-30T04:41:20.347,2018-08-30T04:41:59.166
choice-moving,Surfer5@bmm,4843,322,6653,6653,638,NULL,1313015,1313015,1313015,1313023,LIMIT,SELL,1,10,2018-08-30T04:41:20.669,2018-08-30T04:41:28.655
choice-moving,Surfer5@bmm,4843,322,6653,6653,638,NULL,1313016,1313016,1313016,1313025,LIMIT,SELL,1,10,2018-08-30T04:41:21.423,2018-08-30T04:41:28.889
choice-moving,Surfer5@bmm,4843,322,6653,6653,638,NULL,1313017,1313017,1313017,1313026,LIMIT,SELL,1,10,2018-08-30T04:41:22.087,2018-08-30T04:41:28.889
choice-moving,Surfer6@bmm,4844,322,6653,6653,638,NULL,1313018,1313018,1313018,0,LIMIT,BUY,1,25,2018-08-30T04:41:26.812,2018-08-30T04:41:26.823
choice-moving,Surfer6@bmm,4844,322,6653,6653,638,NULL,1313019,1313018,1313018,1313012,LIMIT,BUY,1,10,2018-08-30T04:41:26.819,2018-08-30T04:41:26.823
choice-moving,Surfer3@bmm,4841,322,6653,6653,640,NULL,1313020,1313020,1313020,1313066,LIMIT,SELL,1,8,2018-08-30T04:41:27.125,2018-08-30T04:41:59.752
choice-moving,Surfer11@bmm,4849,322,6653,6653,640,NULL,1313021,1313021,1313021,1313035,LIMIT,SELL,1,11,2018-08-30T04:41:28.518,2018-08-30T04:41:30.078
choice-moving,Surfer6@bmm,4844,322,6653,6653,638,NULL,1313022,1313022,1313022,0,LIMIT,BUY,1,25,2018-08-30T04:41:28.644,2018-08-30T04:41:28.655
choice-moving,Surfer6@bmm,4844,322,6653,6653,638,NULL,1313023,1313022,1313022,1313015,LIMIT,BUY,1,10,2018-08-30T04:41:28.651,2018-08-30T04:41:28.655
choice-moving,Surfer16@bmm,4854,322,6653,6653,638,NULL,1313024,1313024,1313024,0,LIMIT,BUY,4,10,2018-08-30T04:41:28.872,2018-08-30T04:41:28.889
choice-moving,Surfer16@bmm,4854,322,6653,6653,638,NULL,1313025,1313024,1313024,1313016,LIMIT,BUY,1,10,2018-08-30T04:41:28.878,2018-08-30T04:41:28.889
choice-moving,Surfer16@bmm,4854,322,6653,6653,638,NULL,1313026,1313024,1313024,1313017,LIMIT,BUY,1,10,2018-08-30T04:41:28.882,2018-08-30T04:41:28.889
choice-moving,Surfer16@bmm,4854,322,6653,6653,638,NULL,1313027,1313024,1313024,1313169,LIMIT,BUY,2,10,2018-08-30T04:41:28.872,2018-08-30T04:43:03.070
choice-moving,Surfer5@bmm,4843,322,6653,6653,640,NULL,1313028,1313028,1313028,1313050,LIMIT,SELL,1,10,2018-08-30T04:41:28.949,2018-08-30T04:41:49.836
choice-moving,Surfer6@bmm,4844,322,6653,6653,638,NULL,1313029,1313029,1313029,1313098,LIMIT,BUY,1,25,2018-08-30T04:41:29.123,2018-08-30T04:42:18.026
choice-moving,Surfer5@bmm,4843,322,6653,6653,640,NULL,1313030,1313030,1313030,1313049,LIMIT,SELL,1,10,2018-08-30T04:41:29.184,2018-08-30T04:41:49.436
choice-moving,Surfer6@bmm,4844,322,6653,6653,638,NULL,1313031,1313031,1313031,1313093,LIMIT,BUY,1,25,2018-08-30T04:41:29.382,2018-08-30T04:42:16.494
choice-moving,Surfer5@bmm,4843,322,6653,6653,640,NULL,1313032,1313032,1313032,1313046,LIMIT,SELL,1,10,2018-08-30T04:41:29.423,2018-08-30T04:41:48.395
choice-moving,Surfer3@bmm,4841,322,6653,6653,640,NULL,1313033,1313033,1313033,1313064,LIMIT,SELL,1,6,2018-08-30T04:41:29.472,2018-08-30T04:41:59.490
choice-moving,Surfer5@bmm,4843,322,6653,6653,640,NULL,1313034,1313034,1313034,1313045,LIMIT,SELL,1,10,2018-08-30T04:41:29.524,2018-08-30T04:41:46.712
choice-moving,Surfer11@bmm,4849,322,6653,6653,640,NULL,1313035,1313021,1313021,1313021,CANCEL,SELL,1,11,2018-08-30T04:41:30.072,2018-08-30T04:41:30.077
choice-moving,Surfer11@bmm,4849,322,6653,6653,640,NULL,1313036,1313036,1313036,1313054,LIMIT,SELL,1,4,2018-08-30T04:41:33.269,2018-08-30T04:41:55.176
choice-moving,Surfer4@bmm,4842,322,6653,6653,638,NULL,1313037,1313037,1313037,1313057,LIMIT,BUY,2,33,2018-08-30T04:41:36.564,2018-08-30T04:41:58.439
choice-moving,Surfer10@bmm,4848,322,6653,6653,638,NULL,1313038,1313038,1313038,1313324,LIMIT,BUY,1,59,2018-08-30T04:41:37.573,2018-08-30T04:46:27.016
choice-moving,Surfer6@bmm,4844,322,6653,6653,639,NULL,1313039,1313039,1313039,1313092,LIMIT,BUY,1,33,2018-08-30T04:41:38.895,2018-08-30T04:42:14.907
choice-moving,Surfer6@bmm,4844,322,6653,6653,639,NULL,1313040,1313040,1313040,1313090,LIMIT,BUY,1,33,2018-08-30T04:41:39.427,2018-08-30T04:42:14.019
choice-moving,Surfer6@bmm,4844,322,6653,6653,639,NULL,1313041,1313041,1313041,1313088,LIMIT,BUY,1,33,2018-08-30T04:41:39.818,2018-08-30T04:42:13.605
choice-moving,Surfer3@bmm,4841,322,6653,6653,638,NULL,1313042,1313042,1313042,1313416,LIMIT,BUY,1,70,2018-08-30T04:41:41.438,2018-08-30T04:49:06.821
choice-moving,Surfer4@bmm,4842,322,6653,6653,638,NULL,1313043,1313043,1313043,1313044,LIMIT,BUY,2,26,2018-08-30T04:41:41.675,2018-08-30T04:41:44.958
choice-moving,Surfer4@bmm,4842,322,6653,6653,638,NULL,1313044,1313043,1313043,1313043,CANCEL,BUY,2,26,2018-08-30T04:41:44.950,2018-08-30T04:41:44.957
choice-moving,Surfer5@bmm,4843,322,6653,6653,640,NULL,1313045,1313034,1313034,1313034,CANCEL,SELL,1,10,2018-08-30T04:41:46.704,2018-08-30T04:41:46.711
choice-moving,Surfer5@bmm,4843,322,6653,6653,640,NULL,1313046,1313032,1313032,1313032,CANCEL,SELL,1,10,2018-08-30T04:41:48.389,2018-08-30T04:41:48.395
choice-moving,Surfer5@bmm,4843,322,6653,6653,640,NULL,1313047,1313032,1313032,1313047,CANCEL,SELL,1,10,2018-08-30T04:41:48.572,2018-08-30T04:41:48.577
choice-moving,Surfer4@bmm,4842,322,6653,6653,639,NULL,1313048,1313048,1313048,1313052,LIMIT,BUY,3,37,2018-08-30T04:41:48.734,2018-08-30T04:41:53.112
choice-moving,Surfer5@bmm,4843,322,6653,6653,640,NULL,1313049,1313030,1313030,1313030,CANCEL,SELL,1,10,2018-08-30T04:41:49.430,2018-08-30T04:41:49.436
choice-moving,Surfer5@bmm,4843,322,6653,6653,640,NULL,1313050,1313028,1313028,1313028,CANCEL,SELL,1,10,2018-08-30T04:41:49.830,2018-08-30T04:41:49.836
choice-moving,Surfer11@bmm,4849,322,6653,6653,639,NULL,1313051,1313051,1313051,1313174,LIMIT,BUY,1,38,2018-08-30T04:41:51.063,2018-08-30T04:43:07.764
choice-moving,Surfer4@bmm,4842,322,6653,6653,639,NULL,1313052,1313048,1313048,1313048,CANCEL,BUY,3,37,2018-08-30T04:41:53.107,2018-08-30T04:41:53.112
choice-moving,Surfer12@bmm,4850,322,6653,6653,641,NULL,1313053,1313053,1313053,1313331,LIMIT,SELL,1,17,2018-08-30T04:41:53.139,2018-08-30T04:46:37.002
choice-moving,Surfer5@bmm,4843,322,6653,6653,640,NULL,1313054,1313054,1313054,1313036,LIMIT,BUY,1,4,2018-08-30T04:41:55.169,2018-08-30T04:41:55.176
choice-moving,Surfer4@bmm,4842,322,6653,6653,639,NULL,1313055,1313055,1313055,1313136,LIMIT,BUY,1,39,2018-08-30T04:41:55.983,2018-08-30T04:42:45.736
choice-moving,Surfer7@bmm,4845,322,6653,6653,640,NULL,1313056,1313056,1313056,1313068,LIMIT,SELL,1,10,2018-08-30T04:41:56.767,2018-08-30T04:42:00.012
choice-moving,Surfer4@bmm,4842,322,6653,6653,638,NULL,1313057,1313037,1313037,1313037,CANCEL,BUY,2,33,2018-08-30T04:41:58.433,2018-08-30T04:41:58.439
choice-moving,Surfer5@bmm,4843,322,6653,6653,640,NULL,1313058,1313058,1313058,1313060,LIMIT,SELL,1,5,2018-08-30T04:41:58.805,2018-08-30T04:41:58.855
choice-moving,Surfer6@bmm,4844,322,6653,6653,640,NULL,1313059,1313059,1313059,0,LIMIT,BUY,1,16,2018-08-30T04:41:58.845,2018-08-30T04:41:58.855
choice-moving,Surfer6@bmm,4844,322,6653,6653,640,NULL,1313060,1313059,1313059,1313058,LIMIT,BUY,1,5,2018-08-30T04:41:58.851,2018-08-30T04:41:58.855
choice-moving,Surfer6@bmm,4844,322,6653,6653,640,NULL,1313061,1313061,1313061,0,LIMIT,BUY,1,16,2018-08-30T04:41:59.148,2018-08-30T04:41:59.165
choice-moving,Surfer6@bmm,4844,322,6653,6653,640,NULL,1313062,1313061,1313061,1313014,LIMIT,BUY,1,6,2018-08-30T04:41:59.160,2018-08-30T04:41:59.166
choice-moving,Surfer6@bmm,4844,322,6653,6653,640,NULL,1313063,1313063,1313063,0,LIMIT,BUY,1,16,2018-08-30T04:41:59.479,2018-08-30T04:41:59.490
choice-moving,Surfer6@bmm,4844,322,6653,6653,640,NULL,1313064,1313063,1313063,1313033,LIMIT,BUY,1,6,2018-08-30T04:41:59.485,2018-08-30T04:41:59.490
choice-moving,Surfer6@bmm,4844,322,6653,6653,640,NULL,1313065,1313065,1313065,0,LIMIT,BUY,1,16,2018-08-30T04:41:59.741,2018-08-30T04:41:59.752
choice-moving,Surfer6@bmm,4844,322,6653,6653,640,NULL,1313066,1313065,1313065,1313020,LIMIT,BUY,1,8,2018-08-30T04:41:59.748,2018-08-30T04:41:59.752
choice-moving,Surfer6@bmm,4844,322,6653,6653,640,NULL,1313067,1313067,1313067,0,LIMIT,BUY,1,16,2018-08-30T04:42,2018-08-30T04:42:00.011
choice-moving,Surfer6@bmm,4844,322,6653,6653,640,NULL,1313068,1313067,1313067,1313056,LIMIT,BUY,1,10,2018-08-30T04:42:00.008,2018-08-30T04:42:00.012
choice-moving,Surfer6@bmm,4844,322,6653,6653,640,NULL,1313069,1313069,1313069,1313072,LIMIT,BUY,1,16,2018-08-30T04:42:00.160,2018-08-30T04:42:00.827
choice-moving,Surfer6@bmm,4844,322,6653,6653,640,NULL,1313070,1313070,1313070,1313078,LIMIT,BUY,1,16,2018-08-30T04:42:00.395,2018-08-30T04:42:02.920
choice-moving,Surfer19@bmm,4857,322,6653,6653,640,NULL,1313071,1313071,1313071,0,LIMIT,SELL,1,5,2018-08-30T04:42:00.816,2018-08-30T04:42:00.827
choice-moving,Surfer19@bmm,4857,322,6653,6653,640,NULL,1313072,1313071,1313071,1313069,LIMIT,SELL,1,16,2018-08-30T04:42:00.823,2018-08-30T04:42:00.827
choice-moving,Surfer6@bmm,4844,322,6653,6653,640,NULL,1313073,1313073,1313073,1313082,LIMIT,BUY,1,16,2018-08-30T04:42:01.845,2018-08-30T04:42:09.357
choice-moving,Surfer6@bmm,4844,322,6653,6653,640,NULL,1313074,1313074,1313074,1313096,LIMIT,BUY,1,16,2018-08-30T04:42:02.023,2018-08-30T04:42:17.386
choice-moving,Surfer6@bmm,4844,322,6653,6653,640,NULL,1313075,1313075,1313075,1313101,LIMIT,BUY,1,16,2018-08-30T04:42:02.245,2018-08-30T04:42:19.978
choice-moving,Surfer4@bmm,4842,322,6653,6653,638,NULL,1313076,1313076,1313076,1313129,LIMIT,BUY,1,71,2018-08-30T04:42:02.325,2018-08-30T04:42:42.019
choice-moving,Surfer11@bmm,4849,322,6653,6653,640,NULL,1313077,1313077,1313077,0,LIMIT,SELL,1,10,2018-08-30T04:42:02.910,2018-08-30T04:42:02.920
choice-moving,Surfer11@bmm,4849,322,6653,6653,640,NULL,1313078,1313077,1313077,1313070,LIMIT,SELL,1,16,2018-08-30T04:42:02.916,2018-08-30T04:42:02.920
choice-moving,Surfer15@bmm,4853,322,6653,6653,640,NULL,1313079,1313079,1313079,1313112,LIMIT,SELL,1,40,2018-08-30T04:42:06.855,2018-08-30T04:42:24.891
choice-moving,Surfer10@bmm,4848,322,6653,6653,641,NULL,1313080,1313080,1313080,1313233,LIMIT,SELL,1,13,2018-08-30T04:42:07.381,2018-08-30T04:44:18.559
choice-moving,Surfer19@bmm,4857,322,6653,6653,640,NULL,1313081,1313081,1313081,0,LIMIT,SELL,1,4,2018-08-30T04:42:09.347,2018-08-30T04:42:09.357
choice-moving,Surfer19@bmm,4857,322,6653,6653,640,NULL,1313082,1313081,1313081,1313073,LIMIT,SELL,1,16,2018-08-30T04:42:09.353,2018-08-30T04:42:09.357
choice-moving,Surfer10@bmm,4848,322,6653,6653,641,NULL,1313083,1313083,1313083,1313242,LIMIT,SELL,1,9,2018-08-30T04:42:10.558,2018-08-30T04:44:26.070
choice-moving,Surfer4@bmm,4842,322,6653,6653,641,NULL,1313084,1313084,1313084,1313411,LIMIT,SELL,1,9,2018-08-30T04:42:11.499,2018-08-30T04:49:02.713
choice-moving,Surfer11@bmm,4849,322,6653,6653,640,NULL,1313085,1313085,1313085,1313110,LIMIT,SELL,1,20,2018-08-30T04:42:11.636,2018-08-30T04:42:24.640
choice-moving,Surfer6@bmm,4844,322,6653,6653,639,NULL,1313086,1313086,1313086,1313158,LIMIT,BUY,1,42,2018-08-30T04:42:12.282,2018-08-30T04:42:58.288
choice-moving,Surfer6@bmm,4844,322,6653,6653,639,NULL,1313087,1313087,1313087,1313155,LIMIT,BUY,1,42,2018-08-30T04:42:12.480,2018-08-30T04:42:57.059
choice-moving,Surfer6@bmm,4844,322,6653,6653,639,NULL,1313088,1313041,1313041,1313041,CANCEL,BUY,1,33,2018-08-30T04:42:13.599,2018-08-30T04:42:13.605
choice-moving,Surfer6@bmm,4844,322,6653,6653,639,NULL,1313089,1313041,1313041,1313089,CANCEL,BUY,1,33,2018-08-30T04:42:13.823,2018-08-30T04:42:13.830
choice-moving,Surfer6@bmm,4844,322,6653,6653,639,NULL,1313090,1313040,1313040,1313040,CANCEL,BUY,1,33,2018-08-30T04:42:14.013,2018-08-30T04:42:14.019
choice-moving,Surfer6@bmm,4844,322,6653,6653,639,NULL,1313091,1313040,1313040,1313091,CANCEL,BUY,1,33,2018-08-30T04:42:14.218,2018-08-30T04:42:14.224
choice-moving,Surfer6@bmm,4844,322,6653,6653,639,NULL,1313092,1313039,1313039,1313039,CANCEL,BUY,1,33,2018-08-30T04:42:14.901,2018-08-30T04:42:14.907
choice-moving,Surfer6@bmm,4844,322,6653,6653,638,NULL,1313093,1313031,1313031,1313031,CANCEL,BUY,1,25,2018-08-30T04:42:16.488,2018-08-30T04:42:16.494
choice-moving,Surfer6@bmm,4844,322,6653,6653,638,NULL,1313094,1313031,1313031,1313094,CANCEL,BUY,1,25,2018-08-30T04:42:16.737,2018-08-30T04:42:16.745
choice-moving,Surfer1@bmm,4839,322,6653,6653,640,NULL,1313095,1313095,1313095,0,LIMIT,SELL,1,12,2018-08-30T04:42:17.377,2018-08-30T04:42:17.386
choice-moving,Surfer1@bmm,4839,322,6653,6653,640,NULL,1313096,1313095,1313095,1313074,LIMIT,SELL,1,16,2018-08-30T04:42:17.383,2018-08-30T04:42:17.387
choice-moving,Surfer10@bmm,4848,322,6653,6653,641,NULL,1313097,1313097,1313097,1313248,LIMIT,SELL,1,5,2018-08-30T04:42:17.516,2018-08-30T04:44:31.296
choice-moving,Surfer6@bmm,4844,322,6653,6653,638,NULL,1313098,1313029,1313029,1313029,CANCEL,BUY,1,25,2018-08-30T04:42:18.020,2018-08-30T04:42:18.026
choice-moving,Surfer7@bmm,4845,322,6653,6653,638,NULL,1313099,1313099,1313099,1313106,LIMIT,SELL,1,95,2018-08-30T04:42:18.882,2018-08-30T04:42:24.492
choice-moving,Surfer19@bmm,4857,322,6653,6653,640,NULL,1313100,1313100,1313100,0,LIMIT,SELL,1,4,2018-08-30T04:42:19.968,2018-08-30T04:42:19.978
choice-moving,Surfer19@bmm,4857,322,6653,6653,640,NULL,1313101,1313100,1313100,1313075,LIMIT,SELL,1,16,2018-08-30T04:42:19.974,2018-08-30T04:42:19.978
choice-moving,Surfer1@bmm,4839,322,6653,6653,640,NULL,1313102,1313102,1313102,1313108,LIMIT,SELL,1,12,2018-08-30T04:42:20.788,2018-08-30T04:42:24.518
choice-moving,Surfer10@bmm,4848,322,6653,6653,641,NULL,1313103,1313103,1313103,1313254,LIMIT,SELL,1,3,2018-08-30T04:42:22.421,2018-08-30T04:44:39.180
choice-moving,Surfer18@bmm,4856,322,6653,6653,641,NULL,1313104,1313104,1313104,NULL,LIMIT,SELL,1,22,2018-08-30T04:42:22.790,2018-08-30T04:42:22.793
choice-moving,Surfer9@bmm,4847,322,6653,6653,638,NULL,1313105,1313105,1313105,0,LIMIT,BUY,1,100,2018-08-30T04:42:24.481,2018-08-30T04:42:24.491
choice-moving,Surfer9@bmm,4847,322,6653,6653,638,NULL,1313106,1313105,1313105,1313099,LIMIT,BUY,1,95,2018-08-30T04:42:24.487,2018-08-30T04:42:24.492
choice-moving,Surfer17@bmm,4855,322,6653,6653,640,NULL,1313107,1313107,1313107,0,LIMIT,BUY,1,39,2018-08-30T04:42:24.508,2018-08-30T04:42:24.518
choice-moving,Surfer17@bmm,4855,322,6653,6653,640,NULL,1313108,1313107,1313107,1313102,LIMIT,BUY,1,12,2018-08-30T04:42:24.514,2018-08-30T04:42:24.518
choice-moving,Surfer6@bmm,4844,322,6653,6653,640,NULL,1313109,1313109,1313109,0,LIMIT,BUY,1,53,2018-08-30T04:42:24.630,2018-08-30T04:42:24.639
choice-moving,Surfer6@bmm,4844,322,6653,6653,640,NULL,1313110,1313109,1313109,1313085,LIMIT,BUY,1,20,2018-08-30T04:42:24.636,2018-08-30T04:42:24.640
choice-moving,Surfer6@bmm,4844,322,6653,6653,640,NULL,1313111,1313111,1313111,0,LIMIT,BUY,1,53,2018-08-30T04:42:24.881,2018-08-30T04:42:24.891
choice-moving,Surfer6@bmm,4844,322,6653,6653,640,NULL,1313112,1313111,1313111,1313079,LIMIT,BUY,1,40,2018-08-30T04:42:24.888,2018-08-30T04:42:24.892
choice-moving,Surfer6@bmm,4844,322,6653,6653,640,NULL,1313113,1313113,1313113,1313133,LIMIT,BUY,1,53,2018-08-30T04:42:25.118,2018-08-30T04:42:43.189
choice-moving,Surfer17@bmm,4855,322,6653,6653,640,NULL,1313114,1313114,1313114,1313126,LIMIT,BUY,1,58,2018-08-30T04:42:26.081,2018-08-30T04:42:39.140
choice-moving,Surfer12@bmm,4850,322,6653,6653,641,NULL,1313115,1313115,1313115,1313341,LIMIT,SELL,1,2,2018-08-30T04:42:26.094,2018-08-30T04:46:46.326
choice-moving,Surfer12@bmm,4850,322,6653,6653,641,NULL,1313116,1313116,1313116,1313240,LIMIT,SELL,1,1,2018-08-30T04:42:28.235,2018-08-30T04:44:22.954
choice-moving,Surfer17@bmm,4855,322,6653,6653,640,NULL,1313117,1313117,1313117,1313119,LIMIT,BUY,1,78,2018-08-30T04:42:29.386,2018-08-30T04:42:30.440
choice-moving,Surfer19@bmm,4857,322,6653,6653,640,NULL,1313118,1313118,1313118,0,LIMIT,SELL,1,6,2018-08-30T04:42:30.426,2018-08-30T04:42:30.440
choice-moving,Surfer19@bmm,4857,322,6653,6653,640,NULL,1313119,1313118,1313118,1313117,LIMIT,SELL,1,78,2018-08-30T04:42:30.435,2018-08-30T04:42:30.441
choice-moving,Surfer15@bmm,4853,322,6653,6653,639,NULL,1313120,1313120,1313120,1313329,LIMIT,BUY,1,47,2018-08-30T04:42:31.785,2018-08-30T04:46:36.891
choice-moving,Surfer1@bmm,4839,322,6653,6653,639,NULL,1313121,1313121,1313121,1313123,LIMIT,BUY,1,57,2018-08-30T04:42:32.086,2018-08-30T04:42:32.205
choice-moving,Surfer8@bmm,4846,322,6653,6653,639,NULL,1313122,1313122,1313122,0,LIMIT,SELL,1,40,2018-08-30T04:42:32.195,2018-08-30T04:42:32.204
choice-moving,Surfer8@bmm,4846,322,6653,6653,639,NULL,1313123,1313122,1313122,1313121,LIMIT,SELL,1,57,2018-08-30T04:42:32.201,2018-08-30T04:42:32.205
choice-moving,Surfer16@bmm,4854,322,6653,6653,641,NULL,1313124,1313124,1313124,0,LIMIT,SELL,4,1,2018-08-30T04:42:36.377,2018-08-30T04:45:57.515
choice-moving,Surfer10@bmm,4848,322,6653,6653,638,NULL,1313125,1313125,1313125,1313269,LIMIT,BUY,1,81,2018-08-30T04:42:36.692,2018-08-30T04:44:53.463
choice-moving,Surfer5@bmm,4843,322,6653,6653,640,NULL,1313126,1313126,1313126,1313114,LIMIT,SELL,1,58,2018-08-30T04:42:39.133,2018-08-30T04:42:39.139
choice-moving,Surfer11@bmm,4849,322,6653,6653,640,NULL,1313127,1313127,1313127,1313131,LIMIT,SELL,1,58,2018-08-30T04:42:39.819,2018-08-30T04:42:42.489
choice-moving,Surfer4@bmm,4842,322,6653,6653,639,NULL,1313128,1313128,1313128,1313150,LIMIT,BUY,1,48,2018-08-30T04:42:39.887,2018-08-30T04:42:55.039
choice-moving,Surfer4@bmm,4842,322,6653,6653,638,NULL,1313129,1313076,1313076,1313076,CANCEL,BUY,1,71,2018-08-30T04:42:42.012,2018-08-30T04:42:42.019
choice-moving,Surfer6@bmm,4844,322,6653,6653,640,NULL,1313130,1313130,1313130,0,LIMIT,BUY,1,67,2018-08-30T04:42:42.479,2018-08-30T04:42:42.489
choice-moving,Surfer6@bmm,4844,322,6653,6653,640,NULL,1313131,1313130,1313130,1313127,LIMIT,BUY,1,58,2018-08-30T04:42:42.486,2018-08-30T04:42:42.490
choice-moving,Surfer15@bmm,4853,322,6653,6653,639,NULL,1313132,1313132,1313132,1313327,LIMIT,BUY,1,60,2018-08-30T04:42:43.037,2018-08-30T04:46:32.817
choice-moving,Surfer3@bmm,4841,322,6653,6653,640,NULL,1313133,1313133,1313133,1313113,LIMIT,SELL,1,53,2018-08-30T04:42:43.183,2018-08-30T04:42:43.189
choice-moving,Surfer4@bmm,4842,322,6653,6653,638,NULL,1313134,1313134,1313134,1313154,LIMIT,BUY,1,82,2018-08-30T04:42:44.258,2018-08-30T04:42:56.254
choice-moving,Surfer6@bmm,4844,322,6653,6653,640,NULL,1313135,1313135,1313135,1313138,LIMIT,BUY,1,67,2018-08-30T04:42:44.750,2018-08-30T04:42:48.974
choice-moving,Surfer4@bmm,4842,322,6653,6653,639,NULL,1313136,1313055,1313055,1313055,CANCEL,BUY,1,39,2018-08-30T04:42:45.730,2018-08-30T04:42:45.735
choice-moving,Surfer17@bmm,4855,322,6653,6653,639,NULL,1313137,1313137,1313137,NULL,LIMIT,BUY,1,90,2018-08-30T04:42:47.403,2018-08-30T04:42:47.406
choice-moving,Surfer5@bmm,4843,322,6653,6653,640,NULL,1313138,1313138,1313138,1313135,LIMIT,SELL,1,67,2018-08-30T04:42:48.967,2018-08-30T04:42:48.974
choice-moving,Surfer7@bmm,4845,322,6653,6653,640,NULL,1313139,1313139,1313139,1313141,LIMIT,SELL,1,60,2018-08-30T04:42:49.503,2018-08-30T04:42:51.010
choice-moving,Surfer6@bmm,4844,322,6653,6653,640,NULL,1313140,1313140,1313140,0,LIMIT,BUY,1,61,2018-08-30T04:42:51,2018-08-30T04:42:51.010
choice-moving,Surfer6@bmm,4844,322,6653,6653,640,NULL,1313141,1313140,1313140,1313139,LIMIT,BUY,1,60,2018-08-30T04:42:51.006,2018-08-30T04:42:51.010
choice-moving,Surfer9@bmm,4847,322,6653,6653,640,NULL,1313142,1313142,1313142,1313144,LIMIT,SELL,1,50,2018-08-30T04:42:51.904,2018-08-30T04:42:52.300
choice-moving,Surfer6@bmm,4844,322,6653,6653,640,NULL,1313143,1313143,1313143,0,LIMIT,BUY,1,61,2018-08-30T04:42:52.289,2018-08-30T04:42:52.299
choice-moving,Surfer6@bmm,4844,322,6653,6653,640,NULL,1313144,1313143,1313143,1313142,LIMIT,BUY,1,50,2018-08-30T04:42:52.296,2018-08-30T04:42:52.300
choice-moving,Surfer6@bmm,4844,322,6653,6653,640,NULL,1313145,1313145,1313145,1313153,LIMIT,BUY,1,61,2018-08-30T04:42:52.624,2018-08-30T04:42:55.586
choice-moving,Surfer4@bmm,4842,322,6653,6653,639,NULL,1313146,1313146,1313146,1313180,LIMIT,BUY,1,91,2018-08-30T04:42:53.539,2018-08-30T04:43:12.990
choice-moving,Surfer17@bmm,4855,322,6653,6653,638,NULL,1313147,1313147,1313147,NULL,LIMIT,BUY,1,94,2018-08-30T04:42:53.851,2018-08-30T04:42:53.854
choice-moving,Surfer19@bmm,4857,322,6653,6653,639,NULL,1313148,1313148,1313148,1313197,LIMIT,BUY,1,9,2018-08-30T04:42:53.887,2018-08-30T04:43:26.202
choice-moving,Surfer17@bmm,4855,322,6653,6653,638,NULL,1313149,1313149,1313149,NULL,LIMIT,BUY,1,94,2018-08-30T04:42:54.914,2018-08-30T04:42:54.917
choice-moving,Surfer4@bmm,4842,322,6653,6653,639,NULL,1313150,1313128,1313128,1313128,CANCEL,BUY,1,48,2018-08-30T04:42:55.034,2018-08-30T04:42:55.039
choice-moving,Surfer17@bmm,4855,322,6653,6653,638,NULL,1313151,1313151,1313151,NULL,LIMIT,BUY,1,94,2018-08-30T04:42:55.267,2018-08-30T04:42:55.270
choice-moving,Surfer15@bmm,4853,322,6653,6653,640,NULL,1313152,1313152,1313152,0,LIMIT,SELL,1,50,2018-08-30T04:42:55.577,2018-08-30T04:42:55.586
choice-moving,Surfer15@bmm,4853,322,6653,6653,640,NULL,1313153,1313152,1313152,1313145,LIMIT,SELL,1,61,2018-08-30T04:42:55.582,2018-08-30T04:42:55.586
choice-moving,Surfer4@bmm,4842,322,6653,6653,638,NULL,1313154,1313134,1313134,1313134,CANCEL,BUY,1,82,2018-08-30T04:42:56.249,2018-08-30T04:42:56.254
choice-moving,Surfer6@bmm,4844,322,6653,6653,639,NULL,1313155,1313087,1313087,1313087,CANCEL,BUY,1,42,2018-08-30T04:42:57.053,2018-08-30T04:42:57.059
choice-moving,Surfer16@bmm,4854,322,6653,6653,639,NULL,1313156,1313156,1313156,1313168,LIMIT,BUY,1,96,2018-08-30T04:42:57.076,2018-08-30T04:43:02.158
choice-moving,Surfer6@bmm,4844,322,6653,6653,639,NULL,1313157,1313087,1313087,1313157,CANCEL,BUY,1,42,2018-08-30T04:42:57.303,2018-08-30T04:42:57.308
choice-moving,Surfer6@bmm,4844,322,6653,6653,639,NULL,1313158,1313086,1313086,1313086,CANCEL,BUY,1,42,2018-08-30T04:42:58.283,2018-08-30T04:42:58.288
choice-moving,Surfer3@bmm,4841,322,6653,6653,638,NULL,1313159,1313159,1313159,1313415,LIMIT,BUY,1,92,2018-08-30T04:42:58.565,2018-08-30T04:49:06.559
choice-moving,Surfer9@bmm,4847,322,6653,6653,640,NULL,1313160,1313160,1313160,1313163,LIMIT,SELL,1,50,2018-08-30T04:42:58.987,2018-08-30T04:43:00.567
choice-moving,Surfer17@bmm,4855,322,6653,6653,638,NULL,1313161,1313161,1313161,NULL,LIMIT,BUY,1,95,2018-08-30T04:42:59.193,2018-08-30T04:42:59.196
choice-moving,Surfer12@bmm,4850,322,6653,6653,640,NULL,1313162,1313162,1313162,0,LIMIT,BUY,1,56,2018-08-30T04:43:00.555,2018-08-30T04:43:00.567
choice-moving,Surfer12@bmm,4850,322,6653,6653,640,NULL,1313163,1313162,1313162,1313160,LIMIT,BUY,1,50,2018-08-30T04:43:00.561,2018-08-30T04:43:00.567
choice-moving,Surfer4@bmm,4842,322,6653,6653,638,NULL,1313164,1313164,1313164,1313205,LIMIT,BUY,3,96,2018-08-30T04:43:01.182,2018-08-30T04:43:38.371
choice-moving,Surfer6@bmm,4844,322,6653,6653,640,NULL,1313165,1313165,1313165,1313179,LIMIT,BUY,1,61,2018-08-30T04:43:01.219,2018-08-30T04:43:12.930
choice-moving,Surfer1@bmm,4839,322,6653,6653,639,NULL,1313166,1313166,1313166,NULL,LIMIT,BUY,1,92,2018-08-30T04:43:01.513,2018-08-30T04:43:01.516
choice-moving,Surfer8@bmm,4846,322,6653,6653,639,NULL,1313167,1313167,1313167,0,LIMIT,SELL,1,90,2018-08-30T04:43:02.147,2018-08-30T04:43:02.158
choice-moving,Surfer8@bmm,4846,322,6653,6653,639,NULL,1313168,1313167,1313167,1313156,LIMIT,SELL,1,96,2018-08-30T04:43:02.154,2018-08-30T04:43:02.158
choice-moving,Surfer16@bmm,4854,322,6653,6653,638,NULL,1313169,1313024,1313024,1313027,CANCEL,BUY,2,10,2018-08-30T04:43:03.065,2018-08-30T04:43:03.070
choice-moving,Surfer4@bmm,4842,322,6653,6653,640,NULL,1313170,1313170,1313170,1313173,LIMIT,BUY,1,62,2018-08-30T04:43:05.870,2018-08-30T04:43:06.698
choice-moving,Surfer11@bmm,4849,322,6653,6653,639,NULL,1313171,1313171,1313171,1313186,LIMIT,BUY,1,93,2018-08-30T04:43:06.091,2018-08-30T04:43:16.043
choice-moving,Surfer15@bmm,4853,322,6653,6653,640,NULL,1313172,1313172,1313172,0,LIMIT,SELL,1,61,2018-08-30T04:43:06.686,2018-08-30T04:43:06.698
choice-moving,Surfer15@bmm,4853,322,6653,6653,640,NULL,1313173,1313172,1313172,1313170,LIMIT,SELL,1,62,2018-08-30T04:43:06.693,2018-08-30T04:43:06.698
choice-moving,Surfer11@bmm,4849,322,6653,6653,639,NULL,1313174,1313051,1313051,1313051,CANCEL,BUY,1,38,2018-08-30T04:43:07.759,2018-08-30T04:43:07.764
choice-moving,Surfer4@bmm,4842,322,6653,6653,640,NULL,1313175,1313175,1313175,1313177,LIMIT,BUY,1,62,2018-08-30T04:43:10.355,2018-08-30T04:43:12.621
choice-moving,Surfer16@bmm,4854,322,6653,6653,638,NULL,1313176,1313176,1313176,0,LIMIT,BUY,2,97,2018-08-30T04:43:12.272,2018-08-30T04:43:41.714
choice-moving,Surfer5@bmm,4843,322,6653,6653,640,NULL,1313177,1313177,1313177,1313175,LIMIT,SELL,1,62,2018-08-30T04:43:12.615,2018-08-30T04:43:12.621
choice-moving,Surfer17@bmm,4855,322,6653,6653,640,NULL,1313178,1313178,1313178,0,LIMIT,SELL,1,33,2018-08-30T04:43:12.920,2018-08-30T04:43:12.930
choice-moving,Surfer17@bmm,4855,322,6653,6653,640,NULL,1313179,1313178,1313178,1313165,LIMIT,SELL,1,61,2018-08-30T04:43:12.926,2018-08-30T04:43:12.930
choice-moving,Surfer4@bmm,4842,322,6653,6653,639,NULL,1313180,1313146,1313146,1313146,CANCEL,BUY,1,91,2018-08-30T04:43:12.984,2018-08-30T04:43:12.989
choice-moving,Surfer9@bmm,4847,322,6653,6653,640,NULL,1313181,1313181,1313181,1313182,LIMIT,SELL,1,61,2018-08-30T04:43:14.381,2018-08-30T04:43:14.727
choice-moving,Surfer6@bmm,4844,322,6653,6653,640,NULL,1313182,1313182,1313182,1313181,LIMIT,BUY,1,61,2018-08-30T04:43:14.720,2018-08-30T04:43:14.727
choice-moving,Surfer6@bmm,4844,322,6653,6653,640,NULL,1313183,1313183,1313183,1313188,LIMIT,BUY,1,61,2018-08-30T04:43:14.934,2018-08-30T04:43:16.259
choice-moving,Surfer13@bmm,4851,322,6653,6653,638,NULL,1313184,1313184,1313184,NULL,LIMIT,BUY,1,19,2018-08-30T04:43:15.938,2018-08-30T04:43:15.941
choice-moving,Surfer8@bmm,4846,322,6653,6653,639,NULL,1313185,1313185,1313185,0,LIMIT,SELL,1,91,2018-08-30T04:43:16.033,2018-08-30T04:43:16.043
choice-moving,Surfer8@bmm,4846,322,6653,6653,639,NULL,1313186,1313185,1313185,1313171,LIMIT,SELL,1,93,2018-08-30T04:43:16.039,2018-08-30T04:43:16.043
choice-moving,Surfer17@bmm,4855,322,6653,6653,640,NULL,1313187,1313187,1313187,0,LIMIT,SELL,1,46,2018-08-30T04:43:16.249,2018-08-30T04:43:16.259
choice-moving,Surfer17@bmm,4855,322,6653,6653,640,NULL,1313188,1313187,1313187,1313183,LIMIT,SELL,1,61,2018-08-30T04:43:16.255,2018-08-30T04:43:16.259
choice-moving,Surfer9@bmm,4847,322,6653,6653,640,NULL,1313189,1313189,1313189,1313191,LIMIT,SELL,1,61,2018-08-30T04:43:16.524,2018-08-30T04:43:17.453
choice-moving,Surfer5@bmm,4843,322,6653,6653,640,NULL,1313190,1313190,1313190,1313193,LIMIT,SELL,1,61,2018-08-30T04:43:16.950,2018-08-30T04:43:19.925
choice-moving,Surfer6@bmm,4844,322,6653,6653,640,NULL,1313191,1313191,1313191,1313189,LIMIT,BUY,1,61,2018-08-30T04:43:17.446,2018-08-30T04:43:17.453
choice-moving,Surfer1@bmm,4839,322,6653,6653,640,NULL,1313192,1313192,1313192,1313231,LIMIT,SELL,1,64,2018-08-30T04:43:17.851,2018-08-30T04:44:15.508
choice-moving,Surfer5@bmm,4843,322,6653,6653,640,NULL,1313193,1313190,1313190,1313190,CANCEL,SELL,1,61,2018-08-30T04:43:19.919,2018-08-30T04:43:19.925
choice-moving,Surfer1@bmm,4839,322,6653,6653,640,NULL,1313194,1313194,1313194,1313215,LIMIT,SELL,1,60,2018-08-30T04:43:20.716,2018-08-30T04:43:44.358
choice-moving,Surfer17@bmm,4855,322,6653,6653,640,NULL,1313195,1313195,1313195,1313268,LIMIT,SELL,1,54,2018-08-30T04:43:21.515,2018-08-30T04:44:52.358
choice-moving,Surfer17@bmm,4855,322,6653,6653,640,NULL,1313196,1313196,1313196,1313201,LIMIT,SELL,1,40,2018-08-30T04:43:25.037,2018-08-30T04:43:32.021
choice-moving,Surfer19@bmm,4857,322,6653,6653,639,NULL,1313197,1313148,1313148,1313148,CANCEL,BUY,1,9,2018-08-30T04:43:26.187,2018-08-30T04:43:26.202
choice-moving,Surfer16@bmm,4854,322,6653,6653,639,NULL,1313198,1313198,1313198,1313199,LIMIT,SELL,3,93,2018-08-30T04:43:26.806,2018-08-30T04:43:29.085
choice-moving,Surfer16@bmm,4854,322,6653,6653,639,NULL,1313199,1313198,1313198,1313198,CANCEL,SELL,3,93,2018-08-30T04:43:29.079,2018-08-30T04:43:29.084
choice-moving,Surfer16@bmm,4854,322,6653,6653,639,NULL,1313200,1313198,1313198,1313200,CANCEL,SELL,3,93,2018-08-30T04:43:29.331,2018-08-30T04:43:29.336
choice-moving,Surfer12@bmm,4850,322,6653,6653,640,NULL,1313201,1313201,1313201,1313196,LIMIT,BUY,1,40,2018-08-30T04:43:32.015,2018-08-30T04:43:32.021
choice-moving,Surfer16@bmm,4854,322,6653,6653,639,NULL,1313202,1313202,1313202,1313230,LIMIT,BUY,3,93,2018-08-30T04:43:33.664,2018-08-30T04:44:06.606
choice-moving,Surfer4@bmm,4842,322,6653,6653,639,NULL,1313203,1313203,1313203,1313206,LIMIT,BUY,3,94,2018-08-30T04:43:36.896,2018-08-30T04:43:40.061
choice-moving,Surfer17@bmm,4855,322,6653,6653,639,NULL,1313204,1313204,1313204,1313214,LIMIT,BUY,1,96,2018-08-30T04:43:37.322,2018-08-30T04:43:43.577
choice-moving,Surfer4@bmm,4842,322,6653,6653,638,NULL,1313205,1313164,1313164,1313164,CANCEL,BUY,3,96,2018-08-30T04:43:38.366,2018-08-30T04:43:38.371
choice-moving,Surfer4@bmm,4842,322,6653,6653,639,NULL,1313206,1313203,1313203,1313203,CANCEL,BUY,3,94,2018-08-30T04:43:40.054,2018-08-30T04:43:40.061
choice-moving,Surfer18@bmm,4856,322,6653,6653,641,NULL,1313207,1313207,1313207,NULL,LIMIT,SELL,1,7,2018-08-30T04:43:40.416,2018-08-30T04:43:40.419
choice-moving,Surfer15@bmm,4853,322,6653,6653,638,NULL,1313208,1313208,1313208,0,LIMIT,SELL,1,59,2018-08-30T04:43:41.698,2018-08-30T04:43:41.713
choice-moving,Surfer15@bmm,4853,322,6653,6653,638,NULL,1313209,1313208,1313208,1313210,LIMIT,SELL,1,97,2018-08-30T04:43:41.704,2018-08-30T04:43:41.714
choice-moving,Surfer16@bmm,4854,322,6653,6653,638,NULL,1313210,1313176,1313176,1313209,LIMIT,BUY,1,97,2018-08-30T04:43:41.707,2018-08-30T04:43:41.714
choice-moving,Surfer16@bmm,4854,322,6653,6653,638,NULL,1313211,1313176,1313176,1313241,LIMIT,BUY,1,97,2018-08-30T04:43:12.272,2018-08-30T04:44:24.351
choice-moving,Surfer13@bmm,4851,322,6653,6653,639,NULL,1313212,1313212,1313212,NULL,LIMIT,BUY,1,57,2018-08-30T04:43:43.410,2018-08-30T04:43:43.413
choice-moving,Surfer8@bmm,4846,322,6653,6653,639,NULL,1313213,1313213,1313213,0,LIMIT,SELL,1,95,2018-08-30T04:43:43.567,2018-08-30T04:43:43.576
choice-moving,Surfer8@bmm,4846,322,6653,6653,639,NULL,1313214,1313213,1313213,1313204,LIMIT,SELL,1,96,2018-08-30T04:43:43.573,2018-08-30T04:43:43.577
choice-moving,Surfer1@bmm,4839,322,6653,6653,640,NULL,1313215,1313194,1313194,1313194,CANCEL,SELL,1,60,2018-08-30T04:43:44.352,2018-08-30T04:43:44.357
choice-moving,Surfer11@bmm,4849,322,6653,6653,639,NULL,1313216,1313216,1313216,1313220,LIMIT,BUY,1,96,2018-08-30T04:43:45.915,2018-08-30T04:43:50.351
choice-moving,Surfer4@bmm,4842,322,6653,6653,639,NULL,1313217,1313217,1313217,1313237,LIMIT,BUY,1,94,2018-08-30T04:43:46.388,2018-08-30T04:44:21.124
choice-moving,Surfer17@bmm,4855,322,6653,6653,640,NULL,1313218,1313218,1313218,1313224,LIMIT,SELL,1,24,2018-08-30T04:43:47.962,2018-08-30T04:43:53.130
choice-moving,Surfer1@bmm,4839,322,6653,6653,640,NULL,1313219,1313219,1313219,1313228,LIMIT,SELL,1,33,2018-08-30T04:43:49.927,2018-08-30T04:44:04.994
choice-moving,Surfer11@bmm,4849,322,6653,6653,639,NULL,1313220,1313216,1313216,1313216,CANCEL,BUY,1,96,2018-08-30T04:43:50.346,2018-08-30T04:43:50.351
choice-moving,Surfer4@bmm,4842,322,6653,6653,638,NULL,1313221,1313221,1313221,1313247,LIMIT,BUY,1,98,2018-08-30T04:43:50.692,2018-08-30T04:44:31.065
choice-moving,Surfer11@bmm,4849,322,6653,6653,639,NULL,1313222,1313222,1313222,1313252,LIMIT,BUY,1,95,2018-08-30T04:43:52.480,2018-08-30T04:44:37.772
choice-moving,Surfer17@bmm,4855,322,6653,6653,640,NULL,1313223,1313223,1313223,1313266,LIMIT,SELL,1,50,2018-08-30T04:43:53.079,2018-08-30T04:44:51.483
choice-moving,Surfer12@bmm,4850,322,6653,6653,640,NULL,1313224,1313224,1313224,1313218,LIMIT,BUY,1,24,2018-08-30T04:43:53.124,2018-08-30T04:43:53.130
choice-moving,Surfer19@bmm,4857,322,6653,6653,639,NULL,1313225,1313225,1313225,1313229,LIMIT,BUY,1,95,2018-08-30T04:43:56.803,2018-08-30T04:44:06.277
choice-moving,Surfer10@bmm,4848,322,6653,6653,638,NULL,1313226,1313226,1313226,1313386,LIMIT,BUY,1,99,2018-08-30T04:44:00.926,2018-08-30T04:47:55.525
choice-moving,Surfer19@bmm,4857,322,6653,6653,639,NULL,1313227,1313227,1313227,1313264,LIMIT,BUY,1,96,2018-08-30T04:44:04.530,2018-08-30T04:44:51.120
choice-moving,Surfer12@bmm,4850,322,6653,6653,640,NULL,1313228,1313228,1313228,1313219,LIMIT,BUY,1,33,2018-08-30T04:44:04.988,2018-08-30T04:44:04.994
choice-moving,Surfer19@bmm,4857,322,6653,6653,639,NULL,1313229,1313225,1313225,1313225,CANCEL,BUY,1,95,2018-08-30T04:44:06.272,2018-08-30T04:44:06.277
choice-moving,Surfer16@bmm,4854,322,6653,6653,639,NULL,1313230,1313202,1313202,1313202,CANCEL,BUY,3,93,2018-08-30T04:44:06.600,2018-08-30T04:44:06.606
choice-moving,Surfer1@bmm,4839,322,6653,6653,640,NULL,1313231,1313192,1313192,1313192,CANCEL,SELL,1,64,2018-08-30T04:44:15.502,2018-08-30T04:44:15.508
choice-moving,Surfer4@bmm,4842,322,6653,6653,640,NULL,1313232,1313232,1313232,1313263,LIMIT,SELL,1,49,2018-08-30T04:44:16.287,2018-08-30T04:44:50.666
choice-moving,Surfer10@bmm,4848,322,6653,6653,641,NULL,1313233,1313080,1313080,1313080,CANCEL,SELL,1,13,2018-08-30T04:44:18.551,2018-08-30T04:44:18.558
choice-moving,Surfer16@bmm,4854,322,6653,6653,639,NULL,1313234,1313234,1313234,1313272,LIMIT,BUY,4,97,2018-08-30T04:44:18.934,2018-08-30T04:45:00.538
choice-moving,Surfer10@bmm,4848,322,6653,6653,641,NULL,1313235,1313235,1313235,1313348,LIMIT,SELL,1,1,2018-08-30T04:44:20.050,2018-08-30T04:46:53.659
choice-moving,Surfer1@bmm,4839,322,6653,6653,640,NULL,1313236,1313236,1313236,1313261,LIMIT,SELL,1,38,2018-08-30T04:44:20.135,2018-08-30T04:44:49.813
choice-moving,Surfer4@bmm,4842,322,6653,6653,639,NULL,1313237,1313217,1313217,1313217,CANCEL,BUY,1,94,2018-08-30T04:44:21.117,2018-08-30T04:44:21.124
choice-moving,Surfer15@bmm,4853,322,6653,6653,638,NULL,1313238,1313238,1313238,1313278,LIMIT,BUY,1,100,2018-08-30T04:44:22.183,2018-08-30T04:45:15.148
choice-moving,Surfer8@bmm,4846,322,6653,6653,641,NULL,1313239,1313239,1313239,0,LIMIT,BUY,1,5,2018-08-30T04:44:22.941,2018-08-30T04:44:22.954
choice-moving,Surfer8@bmm,4846,322,6653,6653,641,NULL,1313240,1313239,1313239,1313116,LIMIT,BUY,1,1,2018-08-30T04:44:22.950,2018-08-30T04:44:22.954
choice-moving,Surfer16@bmm,4854,322,6653,6653,638,NULL,1313241,1313176,1313176,1313211,CANCEL,BUY,1,97,2018-08-30T04:44:24.338,2018-08-30T04:44:24.351
choice-moving,Surfer10@bmm,4848,322,6653,6653,641,NULL,1313242,1313083,1313083,1313083,CANCEL,SELL,1,9,2018-08-30T04:44:26.062,2018-08-30T04:44:26.069
choice-moving,Surfer10@bmm,4848,322,6653,6653,641,NULL,1313243,1313243,1313243,1313352,LIMIT,SELL,1,1,2018-08-30T04:44:27.337,2018-08-30T04:47:00.887
choice-moving,Surfer12@bmm,4850,322,6653,6653,641,NULL,1313244,1313013,1313013,1313013,CANCEL,SELL,1,27,2018-08-30T04:44:28.751,2018-08-30T04:44:28.759
choice-moving,Surfer4@bmm,4842,322,6653,6653,639,NULL,1313245,1313245,1313245,1313259,LIMIT,BUY,1,98,2018-08-30T04:44:28.954,2018-08-30T04:44:47.469
choice-moving,Surfer13@bmm,4851,322,6653,6653,640,NULL,1313246,1313246,1313246,1313257,LIMIT,SELL,1,29,2018-08-30T04:44:29.798,2018-08-30T04:44:45.442
choice-moving,Surfer4@bmm,4842,322,6653,6653,638,NULL,1313247,1313221,1313221,1313221,CANCEL,BUY,1,98,2018-08-30T04:44:31.060,2018-08-30T04:44:31.065
choice-moving,Surfer10@bmm,4848,322,6653,6653,641,NULL,1313248,1313097,1313097,1313097,CANCEL,SELL,1,5,2018-08-30T04:44:31.290,2018-08-30T04:44:31.296
choice-moving,Surfer10@bmm,4848,322,6653,6653,641,NULL,1313249,1313249,1313249,1313363,LIMIT,SELL,1,1,2018-08-30T04:44:32.809,2018-08-30T04:47:18.650
choice-moving,Surfer4@bmm,4842,322,6653,6653,639,NULL,1313250,1313250,1313250,1313360,LIMIT,BUY,1,98,2018-08-30T04:44:35.963,2018-08-30T04:47:08.520
choice-moving,Surfer12@bmm,4850,322,6653,6653,641,NULL,1313251,1313251,1313251,1313365,LIMIT,SELL,1,1,2018-08-30T04:44:37.351,2018-08-30T04:47:24.775
choice-moving,Surfer11@bmm,4849,322,6653,6653,639,NULL,1313252,1313222,1313222,1313222,CANCEL,BUY,1,95,2018-08-30T04:44:37.767,2018-08-30T04:44:37.772
choice-moving,Surfer16@bmm,4854,322,6653,6653,638,NULL,1313253,1313253,1313253,0,LIMIT,BUY,2,99,2018-08-30T04:44:38.392,2018-08-30T04:48:05.916
choice-moving,Surfer10@bmm,4848,322,6653,6653,641,NULL,1313254,1313103,1313103,1313103,CANCEL,SELL,1,3,2018-08-30T04:44:39.174,2018-08-30T04:44:39.180
choice-moving,Surfer10@bmm,4848,322,6653,6653,641,NULL,1313255,1313255,1313255,1313376,LIMIT,SELL,1,1,2018-08-30T04:44:40.649,2018-08-30T04:47:46.094
choice-moving,Surfer13@bmm,4851,322,6653,6653,638,NULL,1313256,1313256,1313256,NULL,LIMIT,BUY,1,47,2018-08-30T04:44:41.373,2018-08-30T04:44:41.376
choice-moving,Surfer15@bmm,4853,322,6653,6653,640,NULL,1313257,1313257,1313257,1313246,LIMIT,BUY,1,29,2018-08-30T04:44:45.434,2018-08-30T04:44:45.442
choice-moving,Surfer13@bmm,4851,322,6653,6653,639,NULL,1313258,1313258,1313258,NULL,LIMIT,BUY,1,30,2018-08-30T04:44:47.152,2018-08-30T04:44:47.155
choice-moving,Surfer11@bmm,4849,322,6653,6653,639,NULL,1313259,1313259,1313259,1313245,LIMIT,SELL,1,98,2018-08-30T04:44:47.463,2018-08-30T04:44:47.469
choice-moving,Surfer9@bmm,4847,322,6653,6653,640,NULL,1313260,1313260,1313260,0,LIMIT,BUY,1,100,2018-08-30T04:44:49.803,2018-08-30T04:44:49.813
choice-moving,Surfer9@bmm,4847,322,6653,6653,640,NULL,1313261,1313260,1313260,1313236,LIMIT,BUY,1,38,2018-08-30T04:44:49.810,2018-08-30T04:44:49.814
choice-moving,Surfer9@bmm,4847,322,6653,6653,640,NULL,1313262,1313262,1313262,0,LIMIT,BUY,1,100,2018-08-30T04:44:50.627,2018-08-30T04:44:50.665
choice-moving,Surfer9@bmm,4847,322,6653,6653,640,NULL,1313263,1313262,1313262,1313232,LIMIT,BUY,1,49,2018-08-30T04:44:50.649,2018-08-30T04:44:50.667
choice-moving,Surfer19@bmm,4857,322,6653,6653,639,NULL,1313264,1313227,1313227,1313227,CANCEL,BUY,1,96,2018-08-30T04:44:51.114,2018-08-30T04:44:51.119
choice-moving,Surfer9@bmm,4847,322,6653,6653,640,NULL,1313265,1313265,1313265,0,LIMIT,BUY,1,100,2018-08-30T04:44:51.472,2018-08-30T04:44:51.483
choice-moving,Surfer9@bmm,4847,322,6653,6653,640,NULL,1313266,1313265,1313265,1313223,LIMIT,BUY,1,50,2018-08-30T04:44:51.479,2018-08-30T04:44:51.483
choice-moving,Surfer9@bmm,4847,322,6653,6653,640,NULL,1313267,1313267,1313267,0,LIMIT,BUY,1,100,2018-08-30T04:44:52.348,2018-08-30T04:44:52.357
choice-moving,Surfer9@bmm,4847,322,6653,6653,640,NULL,1313268,1313267,1313267,1313195,LIMIT,BUY,1,54,2018-08-30T04:44:52.354,2018-08-30T04:44:52.358
choice-moving,Surfer10@bmm,4848,322,6653,6653,638,NULL,1313269,1313125,1313125,1313125,CANCEL,BUY,1,81,2018-08-30T04:44:53.457,2018-08-30T04:44:53.463
choice-moving,Surfer11@bmm,4849,322,6653,6653,639,NULL,1313270,1313270,1313270,1313294,LIMIT,BUY,1,98,2018-08-30T04:44:53.876,2018-08-30T04:45:44.082
choice-moving,Surfer13@bmm,4851,322,6653,6653,638,NULL,1313271,1313271,1313271,1313334,LIMIT,BUY,1,100,2018-08-30T04:44:59.828,2018-08-30T04:46:39.899
choice-moving,Surfer16@bmm,4854,322,6653,6653,639,NULL,1313272,1313234,1313234,1313234,CANCEL,BUY,4,97,2018-08-30T04:45:00.532,2018-08-30T04:45:00.537
choice-moving,Surfer15@bmm,4853,322,6653,6653,640,NULL,1313273,1313273,1313273,1313276,LIMIT,SELL,1,65,2018-08-30T04:45:01.611,2018-08-30T04:45:06.585
choice-moving,Surfer10@bmm,4848,322,6653,6653,638,NULL,1313274,1313274,1313274,1313414,LIMIT,BUY,1,99,2018-08-30T04:45:04.149,2018-08-30T04:49:05.643
choice-moving,Surfer9@bmm,4847,322,6653,6653,640,NULL,1313275,1313275,1313275,0,LIMIT,BUY,1,100,2018-08-30T04:45:06.574,2018-08-30T04:45:06.585
choice-moving,Surfer9@bmm,4847,322,6653,6653,640,NULL,1313276,1313275,1313275,1313273,LIMIT,BUY,1,65,2018-08-30T04:45:06.581,2018-08-30T04:45:06.585
choice-moving,Surfer18@bmm,4856,322,6653,6653,641,NULL,1313277,1313277,1313277,NULL,LIMIT,SELL,1,2,2018-08-30T04:45:13.114,2018-08-30T04:45:13.117
choice-moving,Surfer7@bmm,4845,322,6653,6653,638,NULL,1313278,1313278,1313278,1313238,LIMIT,SELL,1,100,2018-08-30T04:45:15.139,2018-08-30T04:45:15.148
choice-moving,Surfer15@bmm,4853,322,6653,6653,640,NULL,1313279,1313279,1313279,1313282,LIMIT,SELL,1,75,2018-08-30T04:45:16.965,2018-08-30T04:45:18.094
choice-moving,Surfer13@bmm,4851,322,6653,6653,639,NULL,1313280,1313280,1313280,NULL,LIMIT,BUY,1,93,2018-08-30T04:45:17.957,2018-08-30T04:45:17.960
choice-moving,Surfer9@bmm,4847,322,6653,6653,640,NULL,1313281,1313281,1313281,0,LIMIT,BUY,1,100,2018-08-30T04:45:18.084,2018-08-30T04:45:18.094
choice-moving,Surfer9@bmm,4847,322,6653,6653,640,NULL,1313282,1313281,1313281,1313279,LIMIT,BUY,1,75,2018-08-30T04:45:18.091,2018-08-30T04:45:18.095
choice-moving,Surfer16@bmm,4854,322,6653,6653,639,NULL,1313283,1313283,1313283,1313404,LIMIT,BUY,1,99,2018-08-30T04:45:18.124,2018-08-30T04:48:25.880
choice-moving,Surfer7@bmm,4845,322,6653,6653,640,NULL,1313284,1313284,1313284,1313285,LIMIT,SELL,1,100,2018-08-30T04:45:26.557,2018-08-30T04:45:27.483
choice-moving,Surfer9@bmm,4847,322,6653,6653,640,NULL,1313285,1313285,1313285,1313284,LIMIT,BUY,1,100,2018-08-30T04:45:27.473,2018-08-30T04:45:27.482
choice-moving,Surfer17@bmm,4855,322,6653,6653,640,NULL,1313286,1313286,1313286,1313288,LIMIT,SELL,1,50,2018-08-30T04:45:33.727,2018-08-30T04:45:34.844
choice-moving,Surfer9@bmm,4847,322,6653,6653,640,NULL,1313287,1313287,1313287,0,LIMIT,BUY,1,100,2018-08-30T04:45:34.833,2018-08-30T04:45:34.843
choice-moving,Surfer9@bmm,4847,322,6653,6653,640,NULL,1313288,1313287,1313287,1313286,LIMIT,BUY,1,50,2018-08-30T04:45:34.840,2018-08-30T04:45:34.844
choice-moving,Surfer8@bmm,4846,322,6653,6653,641,NULL,1313289,1313289,1313289,NULL,LIMIT,SELL,1,5,2018-08-30T04:45:35.632,2018-08-30T04:45:35.635
choice-moving,Surfer15@bmm,4853,322,6653,6653,639,NULL,1313290,1313290,1313290,1313325,LIMIT,BUY,1,100,2018-08-30T04:45:37.021,2018-08-30T04:46:29.872
choice-moving,Surfer13@bmm,4851,322,6653,6653,640,NULL,1313291,1313291,1313291,1313293,LIMIT,SELL,1,20,2018-08-30T04:45:37.573,2018-08-30T04:45:38.789
choice-moving,Surfer9@bmm,4847,322,6653,6653,640,NULL,1313292,1313292,1313292,0,LIMIT,BUY,1,100,2018-08-30T04:45:38.778,2018-08-30T04:45:38.788
choice-moving,Surfer9@bmm,4847,322,6653,6653,640,NULL,1313293,1313292,1313292,1313291,LIMIT,BUY,1,20,2018-08-30T04:45:38.785,2018-08-30T04:45:38.789
choice-moving,Surfer11@bmm,4849,322,6653,6653,639,NULL,1313294,1313270,1313270,1313270,CANCEL,BUY,1,98,2018-08-30T04:45:44.076,2018-08-30T04:45:44.082
choice-moving,Surfer8@bmm,4846,322,6653,6653,641,NULL,1313295,1313295,1313295,0,LIMIT,BUY,1,15,2018-08-30T04:45:57.496,2018-08-30T04:45:57.514
choice-moving,Surfer8@bmm,4846,322,6653,6653,641,NULL,1313296,1313295,1313295,1313297,LIMIT,BUY,1,1,2018-08-30T04:45:57.505,2018-08-30T04:45:57.515
choice-moving,Surfer16@bmm,4854,322,6653,6653,641,NULL,1313297,1313124,1313124,1313296,LIMIT,SELL,1,1,2018-08-30T04:45:57.508,2018-08-30T04:45:57.515
choice-moving,Surfer16@bmm,4854,322,6653,6653,641,NULL,1313298,1313124,1313124,0,LIMIT,SELL,3,1,2018-08-30T04:42:36.377,2018-08-30T04:46:05.737
choice-moving,Surfer1@bmm,4839,322,6653,6653,639,NULL,1313299,1313299,1313299,1313308,LIMIT,BUY,1,67,2018-08-30T04:45:58.953,2018-08-30T04:46:05.873
choice-moving,Surfer4@bmm,4842,322,6653,6653,640,NULL,1313300,1313300,1313300,1313303,LIMIT,SELL,1,41,2018-08-30T04:46:00.011,2018-08-30T04:46:00.722
choice-moving,Surfer17@bmm,4855,322,6653,6653,638,NULL,1313301,1313301,1313301,1313338,LIMIT,BUY,1,100,2018-08-30T04:46:00.107,2018-08-30T04:46:43.849
choice-moving,Surfer9@bmm,4847,322,6653,6653,640,NULL,1313302,1313302,1313302,0,LIMIT,BUY,1,100,2018-08-30T04:46:00.713,2018-08-30T04:46:00.722
choice-moving,Surfer9@bmm,4847,322,6653,6653,640,NULL,1313303,1313302,1313302,1313300,LIMIT,BUY,1,41,2018-08-30T04:46:00.719,2018-08-30T04:46:00.723
choice-moving,Surfer8@bmm,4846,322,6653,6653,641,NULL,1313304,1313304,1313304,0,LIMIT,BUY,1,10,2018-08-30T04:46:05.721,2018-08-30T04:46:05.737
choice-moving,Surfer8@bmm,4846,322,6653,6653,641,NULL,1313305,1313304,1313304,1313306,LIMIT,BUY,1,1,2018-08-30T04:46:05.727,2018-08-30T04:46:05.737
choice-moving,Surfer16@bmm,4854,322,6653,6653,641,NULL,1313306,1313124,1313298,1313305,LIMIT,SELL,1,1,2018-08-30T04:46:05.730,2018-08-30T04:46:05.737
choice-moving,Surfer16@bmm,4854,322,6653,6653,641,NULL,1313307,1313124,1313298,0,LIMIT,SELL,2,1,2018-08-30T04:42:36.377,2018-08-30T04:46:16.919
choice-moving,Surfer1@bmm,4839,322,6653,6653,639,NULL,1313308,1313299,1313299,1313299,CANCEL,BUY,1,67,2018-08-30T04:46:05.868,2018-08-30T04:46:05.873
choice-moving,Surfer17@bmm,4855,322,6653,6653,638,NULL,1313309,1313309,1313309,1313344,LIMIT,BUY,1,100,2018-08-30T04:46:06.653,2018-08-30T04:46:52.264
choice-moving,Surfer13@bmm,4851,322,6653,6653,640,NULL,1313310,1313310,1313310,1313312,LIMIT,SELL,1,20,2018-08-30T04:46:14.715,2018-08-30T04:46:15.420
choice-moving,Surfer9@bmm,4847,322,6653,6653,640,NULL,1313311,1313311,1313311,0,LIMIT,BUY,1,100,2018-08-30T04:46:15.410,2018-08-30T04:46:15.420
choice-moving,Surfer9@bmm,4847,322,6653,6653,640,NULL,1313312,1313311,1313311,1313310,LIMIT,BUY,1,20,2018-08-30T04:46:15.416,2018-08-30T04:46:15.420
choice-moving,Surfer8@bmm,4846,322,6653,6653,641,NULL,1313313,1313313,1313313,0,LIMIT,BUY,1,15,2018-08-30T04:46:16.904,2018-08-30T04:46:16.919
choice-moving,Surfer8@bmm,4846,322,6653,6653,641,NULL,1313314,1313313,1313313,1313315,LIMIT,BUY,1,1,2018-08-30T04:46:16.909,2018-08-30T04:46:16.919
choice-moving,Surfer16@bmm,4854,322,6653,6653,641,NULL,1313315,1313124,1313307,1313314,LIMIT,SELL,1,1,2018-08-30T04:46:16.912,2018-08-30T04:46:16.919
choice-moving,Surfer16@bmm,4854,322,6653,6653,641,NULL,1313316,1313124,1313307,1313337,LIMIT,SELL,1,1,2018-08-30T04:42:36.377,2018-08-30T04:46:42.832
choice-moving,Surfer18@bmm,4856,322,6653,6653,641,NULL,1313317,1313317,1313317,1313378,LIMIT,SELL,1,1,2018-08-30T04:46:17.426,2018-08-30T04:47:46.122
choice-moving,Surfer5@bmm,4843,322,6653,6653,640,NULL,1313318,1313318,1313318,1313320,LIMIT,SELL,1,50,2018-08-30T04:46:19.454,2018-08-30T04:46:20.206
choice-moving,Surfer9@bmm,4847,322,6653,6653,640,NULL,1313319,1313319,1313319,0,LIMIT,BUY,1,100,2018-08-30T04:46:20.195,2018-08-30T04:46:20.206
choice-moving,Surfer9@bmm,4847,322,6653,6653,640,NULL,1313320,1313319,1313319,1313318,LIMIT,BUY,1,50,2018-08-30T04:46:20.202,2018-08-30T04:46:20.206
choice-moving,Surfer13@bmm,4851,322,6653,6653,640,NULL,1313321,1313321,1313321,1313323,LIMIT,SELL,1,41,2018-08-30T04:46:24.100,2018-08-30T04:46:24.852
choice-moving,Surfer9@bmm,4847,322,6653,6653,640,NULL,1313322,1313322,1313322,0,LIMIT,BUY,1,100,2018-08-30T04:46:24.842,2018-08-30T04:46:24.852
choice-moving,Surfer9@bmm,4847,322,6653,6653,640,NULL,1313323,1313322,1313322,1313321,LIMIT,BUY,1,41,2018-08-30T04:46:24.848,2018-08-30T04:46:24.853
choice-moving,Surfer10@bmm,4848,322,6653,6653,638,NULL,1313324,1313038,1313038,1313038,CANCEL,BUY,1,59,2018-08-30T04:46:27.010,2018-08-30T04:46:27.016
choice-moving,Surfer15@bmm,4853,322,6653,6653,639,NULL,1313325,1313290,1313290,1313290,CANCEL,BUY,1,100,2018-08-30T04:46:29.866,2018-08-30T04:46:29.872
choice-moving,Surfer4@bmm,4842,322,6653,6653,641,NULL,1313326,1313326,1313326,1313389,LIMIT,SELL,1,1,2018-08-30T04:46:31.976,2018-08-30T04:47:59.624
choice-moving,Surfer15@bmm,4853,322,6653,6653,639,NULL,1313327,1313132,1313132,1313132,CANCEL,BUY,1,60,2018-08-30T04:46:32.804,2018-08-30T04:46:32.817
choice-moving,Surfer4@bmm,4842,322,6653,6653,641,NULL,1313328,1313328,1313328,1313407,LIMIT,SELL,1,1,2018-08-30T04:46:33.722,2018-08-30T04:48:43.831
choice-moving,Surfer15@bmm,4853,322,6653,6653,639,NULL,1313329,1313120,1313120,1313120,CANCEL,BUY,1,47,2018-08-30T04:46:36.885,2018-08-30T04:46:36.890
choice-moving,Surfer4@bmm,4842,322,6653,6653,641,NULL,1313330,1313330,1313330,NULL,LIMIT,SELL,1,1,2018-08-30T04:46:36.931,2018-08-30T04:46:36.934
choice-moving,Surfer12@bmm,4850,322,6653,6653,641,NULL,1313331,1313053,1313053,1313053,CANCEL,SELL,1,17,2018-08-30T04:46:36.996,2018-08-30T04:46:37.001
choice-moving,Surfer11@bmm,4849,322,6653,6653,638,NULL,1313332,1313332,1313332,1313335,LIMIT,BUY,1,99,2018-08-30T04:46:37.447,2018-08-30T04:46:40.836
choice-moving,Surfer17@bmm,4855,322,6653,6653,639,NULL,1313333,1313333,1313333,1313345,LIMIT,BUY,1,100,2018-08-30T04:46:39.390,2018-08-30T04:46:52.903
choice-moving,Surfer7@bmm,4845,322,6653,6653,638,NULL,1313334,1313334,1313334,1313271,LIMIT,SELL,1,100,2018-08-30T04:46:39.892,2018-08-30T04:46:39.898
choice-moving,Surfer11@bmm,4849,322,6653,6653,638,NULL,1313335,1313332,1313332,1313332,CANCEL,BUY,1,99,2018-08-30T04:46:40.830,2018-08-30T04:46:40.836
choice-moving,Surfer8@bmm,4846,322,6653,6653,641,NULL,1313336,1313336,1313336,0,LIMIT,BUY,1,10,2018-08-30T04:46:42.823,2018-08-30T04:46:42.832
choice-moving,Surfer8@bmm,4846,322,6653,6653,641,NULL,1313337,1313336,1313336,1313316,LIMIT,BUY,1,1,2018-08-30T04:46:42.829,2018-08-30T04:46:42.833
choice-moving,Surfer6@bmm,4844,322,6653,6653,638,NULL,1313338,1313338,1313338,1313301,LIMIT,SELL,1,100,2018-08-30T04:46:43.841,2018-08-30T04:46:43.849
choice-moving,Surfer12@bmm,4850,322,6653,6653,641,NULL,1313339,1313339,1313339,NULL,LIMIT,SELL,1,1,2018-08-30T04:46:45.059,2018-08-30T04:46:45.062
choice-moving,Surfer11@bmm,4849,322,6653,6653,639,NULL,1313340,1313340,1313340,NULL,LIMIT,BUY,1,99,2018-08-30T04:46:45.788,2018-08-30T04:46:45.790
choice-moving,Surfer12@bmm,4850,322,6653,6653,641,NULL,1313341,1313115,1313115,1313115,CANCEL,SELL,1,2,2018-08-30T04:46:46.321,2018-08-30T04:46:46.326
choice-moving,Surfer12@bmm,4850,322,6653,6653,641,NULL,1313342,1313342,1313342,NULL,LIMIT,SELL,1,2,2018-08-30T04:46:48.083,2018-08-30T04:46:48.085
choice-moving,Surfer4@bmm,4842,322,6653,6653,638,NULL,1313343,1313343,1313343,1313408,LIMIT,BUY,4,99,2018-08-30T04:46:51.301,2018-08-30T04:48:57.618
choice-moving,Surfer6@bmm,4844,322,6653,6653,638,NULL,1313344,1313344,1313344,1313309,LIMIT,SELL,1,100,2018-08-30T04:46:52.257,2018-08-30T04:46:52.264
choice-moving,Surfer12@bmm,4850,322,6653,6653,639,NULL,1313345,1313345,1313345,1313333,LIMIT,SELL,1,100,2018-08-30T04:46:52.896,2018-08-30T04:46:52.902
choice-moving,Surfer13@bmm,4851,322,6653,6653,640,NULL,1313346,1313346,1313346,NULL,LIMIT,BUY,1,50,2018-08-30T04:46:53.329,2018-08-30T04:46:53.332
choice-moving,Surfer8@bmm,4846,322,6653,6653,641,NULL,1313347,1313347,1313347,0,LIMIT,BUY,1,5,2018-08-30T04:46:53.648,2018-08-30T04:46:53.659
choice-moving,Surfer8@bmm,4846,322,6653,6653,641,NULL,1313348,1313347,1313347,1313235,LIMIT,BUY,1,1,2018-08-30T04:46:53.655,2018-08-30T04:46:53.659
choice-moving,Surfer12@bmm,4850,322,6653,6653,639,NULL,1313349,1313349,1313349,1313354,LIMIT,SELL,1,100,2018-08-30T04:46:56.436,2018-08-30T04:47:02.006
choice-moving,Surfer6@bmm,4844,322,6653,6653,640,NULL,1313350,1313350,1313350,1313356,LIMIT,BUY,1,82,2018-08-30T04:46:57.921,2018-08-30T04:47:05.639
choice-moving,Surfer6@bmm,4844,322,6653,6653,640,NULL,1313351,1313351,1313351,1313358,LIMIT,BUY,1,82,2018-08-30T04:46:59.668,2018-08-30T04:47:07.577
choice-moving,Surfer8@bmm,4846,322,6653,6653,641,NULL,1313352,1313352,1313352,1313243,LIMIT,BUY,1,1,2018-08-30T04:47:00.879,2018-08-30T04:47:00.887
choice-moving,Surfer2@bmm,4840,322,6653,6653,638,NULL,1313353,1313353,1313353,1313369,LIMIT,BUY,1,100,2018-08-30T04:47:01.618,2018-08-30T04:47:33.846
choice-moving,Surfer15@bmm,4853,322,6653,6653,639,NULL,1313354,1313354,1313354,1313349,LIMIT,BUY,1,100,2018-08-30T04:47:01.999,2018-08-30T04:47:02.006
choice-moving,Surfer12@bmm,4850,322,6653,6653,640,NULL,1313355,1313355,1313355,0,LIMIT,SELL,1,79,2018-08-30T04:47:05.628,2018-08-30T04:47:05.639
choice-moving,Surfer12@bmm,4850,322,6653,6653,640,NULL,1313356,1313355,1313355,1313350,LIMIT,SELL,1,82,2018-08-30T04:47:05.635,2018-08-30T04:47:05.640
choice-moving,Surfer12@bmm,4850,322,6653,6653,640,NULL,1313357,1313357,1313357,0,LIMIT,SELL,1,79,2018-08-30T04:47:07.567,2018-08-30T04:47:07.577
choice-moving,Surfer12@bmm,4850,322,6653,6653,640,NULL,1313358,1313357,1313357,1313351,LIMIT,SELL,1,82,2018-08-30T04:47:07.573,2018-08-30T04:47:07.577
choice-moving,Surfer13@bmm,4851,322,6653,6653,638,NULL,1313359,1313359,1313359,NULL,LIMIT,BUY,1,17,2018-08-30T04:47:07.691,2018-08-30T04:47:07.694
choice-moving,Surfer4@bmm,4842,322,6653,6653,639,NULL,1313360,1313250,1313250,1313250,CANCEL,BUY,1,98,2018-08-30T04:47:08.514,2018-08-30T04:47:08.519
choice-moving,Surfer4@bmm,4842,322,6653,6653,639,NULL,1313361,1313361,1313361,NULL,LIMIT,BUY,2,99,2018-08-30T04:47:10.206,2018-08-30T04:47:10.208
choice-moving,Surfer8@bmm,4846,322,6653,6653,641,NULL,1313362,1313362,1313362,0,LIMIT,BUY,1,10,2018-08-30T04:47:18.638,2018-08-30T04:47:18.650
choice-moving,Surfer8@bmm,4846,322,6653,6653,641,NULL,1313363,1313362,1313362,1313249,LIMIT,BUY,1,1,2018-08-30T04:47:18.647,2018-08-30T04:47:18.650
choice-moving,Surfer9@bmm,4847,322,6653,6653,640,NULL,1313364,1313364,1313364,1313367,LIMIT,BUY,1,99,2018-08-30T04:47:21.844,2018-08-30T04:47:27.792
choice-moving,Surfer7@bmm,4845,322,6653,6653,641,NULL,1313365,1313365,1313365,1313251,LIMIT,BUY,1,1,2018-08-30T04:47:24.767,2018-08-30T04:47:24.775
choice-moving,Surfer12@bmm,4850,322,6653,6653,640,NULL,1313366,1313366,1313366,0,LIMIT,SELL,1,87,2018-08-30T04:47:27.781,2018-08-30T04:47:27.791
choice-moving,Surfer12@bmm,4850,322,6653,6653,640,NULL,1313367,1313366,1313366,1313364,LIMIT,SELL,1,99,2018-08-30T04:47:27.788,2018-08-30T04:47:27.792
choice-moving,Surfer13@bmm,4851,322,6653,6653,638,NULL,1313368,1313368,1313368,0,LIMIT,SELL,1,5,2018-08-30T04:47:33.835,2018-08-30T04:47:33.846
choice-moving,Surfer13@bmm,4851,322,6653,6653,638,NULL,1313369,1313368,1313368,1313353,LIMIT,SELL,1,100,2018-08-30T04:47:33.842,2018-08-30T04:47:33.846
choice-moving,Surfer6@bmm,4844,322,6653,6653,639,NULL,1313370,1313370,1313370,1313372,LIMIT,SELL,1,100,2018-08-30T04:47:35.979,2018-08-30T04:47:40.451
choice-moving,Surfer17@bmm,4855,322,6653,6653,638,NULL,1313371,1313371,1313371,1313382,LIMIT,BUY,1,100,2018-08-30T04:47:40.132,2018-08-30T04:47:46.915
choice-moving,Surfer15@bmm,4853,322,6653,6653,639,NULL,1313372,1313372,1313372,1313370,LIMIT,BUY,1,100,2018-08-30T04:47:40.444,2018-08-30T04:47:40.451
choice-moving,Surfer19@bmm,4857,322,6653,6653,639,NULL,1313373,1313373,1313373,1313380,LIMIT,BUY,1,100,2018-08-30T04:47:41.668,2018-08-30T04:47:46.155
choice-moving,Surfer12@bmm,4850,322,6653,6653,640,NULL,1313374,1313374,1313374,NULL,LIMIT,BUY,1,25,2018-08-30T04:47:41.679,2018-08-30T04:47:41.682
choice-moving,Surfer8@bmm,4846,322,6653,6653,641,NULL,1313375,1313375,1313375,0,LIMIT,BUY,1,4,2018-08-30T04:47:46.084,2018-08-30T04:47:46.094
choice-moving,Surfer8@bmm,4846,322,6653,6653,641,NULL,1313376,1313375,1313375,1313255,LIMIT,BUY,1,1,2018-08-30T04:47:46.091,2018-08-30T04:47:46.095
choice-moving,Surfer7@bmm,4845,322,6653,6653,641,NULL,1313377,1313377,1313377,0,LIMIT,BUY,1,50,2018-08-30T04:47:46.113,2018-08-30T04:47:46.122
choice-moving,Surfer7@bmm,4845,322,6653,6653,641,NULL,1313378,1313377,1313377,1313317,LIMIT,BUY,1,1,2018-08-30T04:47:46.119,2018-08-30T04:47:46.122
choice-moving,Surfer6@bmm,4844,322,6653,6653,640,NULL,1313379,1313379,1313379,1313410,LIMIT,BUY,1,84,2018-08-30T04:47:46.140,2018-08-30T04:49:00.141
choice-moving,Surfer19@bmm,4857,322,6653,6653,639,NULL,1313380,1313373,1313373,1313373,CANCEL,BUY,1,100,2018-08-30T04:47:46.146,2018-08-30T04:47:46.154
choice-moving,Surfer13@bmm,4851,322,6653,6653,638,NULL,1313381,1313381,1313381,0,LIMIT,SELL,1,5,2018-08-30T04:47:46.906,2018-08-30T04:47:46.915
choice-moving,Surfer13@bmm,4851,322,6653,6653,638,NULL,1313382,1313381,1313381,1313371,LIMIT,SELL,1,100,2018-08-30T04:47:46.912,2018-08-30T04:47:46.916
choice-moving,Surfer12@bmm,4850,322,6653,6653,640,NULL,1313383,1313383,1313383,NULL,LIMIT,BUY,1,10,2018-08-30T04:47:47.712,2018-08-30T04:47:47.715
choice-moving,Surfer6@bmm,4844,322,6653,6653,640,NULL,1313384,1313384,1313384,1313409,LIMIT,BUY,1,64,2018-08-30T04:47:53.052,2018-08-30T04:48:59.252
choice-moving,Surfer13@bmm,4851,322,6653,6653,638,NULL,1313385,1313385,1313385,0,LIMIT,SELL,1,8,2018-08-30T04:47:55.514,2018-08-30T04:47:55.524
choice-moving,Surfer13@bmm,4851,322,6653,6653,638,NULL,1313386,1313385,1313385,1313226,LIMIT,SELL,1,99,2018-08-30T04:47:55.521,2018-08-30T04:47:55.525
choice-moving,Surfer12@bmm,4850,322,6653,6653,640,NULL,1313387,1313387,1313387,NULL,LIMIT,BUY,1,5,2018-08-30T04:47:58.586,2018-08-30T04:47:58.588
choice-moving,Surfer7@bmm,4845,322,6653,6653,641,NULL,1313388,1313388,1313388,0,LIMIT,BUY,1,80,2018-08-30T04:47:59.613,2018-08-30T04:47:59.624
choice-moving,Surfer7@bmm,4845,322,6653,6653,641,NULL,1313389,1313388,1313388,1313326,LIMIT,BUY,1,1,2018-08-30T04:47:59.620,2018-08-30T04:47:59.624
choice-moving,Surfer15@bmm,4853,322,6653,6653,639,NULL,1313390,1313390,1313390,1313399,LIMIT,SELL,1,100,2018-08-30T04:48:00.812,2018-08-30T04:48:10.805
choice-moving,Surfer13@bmm,4851,322,6653,6653,638,NULL,1313391,1313391,1313391,0,LIMIT,SELL,1,17,2018-08-30T04:48:05.898,2018-08-30T04:48:05.916
choice-moving,Surfer13@bmm,4851,322,6653,6653,638,NULL,1313392,1313391,1313391,1313393,LIMIT,SELL,1,99,2018-08-30T04:48:05.906,2018-08-30T04:48:05.916
choice-moving,Surfer16@bmm,4854,322,6653,6653,638,NULL,1313393,1313253,1313253,1313392,LIMIT,BUY,1,99,2018-08-30T04:48:05.909,2018-08-30T04:48:05.916
choice-moving,Surfer16@bmm,4854,322,6653,6653,638,NULL,1313394,1313253,1313253,1313401,LIMIT,BUY,1,99,2018-08-30T04:44:38.392,2018-08-30T04:48:18.835
choice-moving,Surfer6@bmm,4844,322,6653,6653,641,NULL,1313395,1313395,1313395,NULL,LIMIT,SELL,1,1,2018-08-30T04:48:07.833,2018-08-30T04:48:07.836
choice-moving,Surfer6@bmm,4844,322,6653,6653,641,NULL,1313396,1313396,1313396,NULL,LIMIT,SELL,1,1,2018-08-30T04:48:08.616,2018-08-30T04:48:08.619
choice-moving,Surfer6@bmm,4844,322,6653,6653,641,NULL,1313397,1313397,1313397,NULL,LIMIT,SELL,1,1,2018-08-30T04:48:09.450,2018-08-30T04:48:09.453
choice-moving,Surfer6@bmm,4844,322,6653,6653,641,NULL,1313398,1313398,1313398,NULL,LIMIT,SELL,1,1,2018-08-30T04:48:10.066,2018-08-30T04:48:10.069
choice-moving,Surfer15@bmm,4853,322,6653,6653,639,NULL,1313399,1313390,1313390,1313390,CANCEL,SELL,1,100,2018-08-30T04:48:10.799,2018-08-30T04:48:10.804
choice-moving,Surfer13@bmm,4851,322,6653,6653,638,NULL,1313400,1313400,1313400,0,LIMIT,SELL,1,19,2018-08-30T04:48:18.825,2018-08-30T04:48:18.835
choice-moving,Surfer13@bmm,4851,322,6653,6653,638,NULL,1313401,1313400,1313400,1313394,LIMIT,SELL,1,99,2018-08-30T04:48:18.831,2018-08-30T04:48:18.835
choice-moving,Surfer8@bmm,4846,322,6653,6653,641,NULL,1313402,1313402,1313402,NULL,LIMIT,BUY,1,0,2018-08-30T04:48:19.945,2018-08-30T04:48:19.947
choice-moving,Surfer15@bmm,4853,322,6653,6653,639,NULL,1313403,1313403,1313403,0,LIMIT,SELL,1,80,2018-08-30T04:48:25.869,2018-08-30T04:48:25.879
choice-moving,Surfer15@bmm,4853,322,6653,6653,639,NULL,1313404,1313403,1313403,1313283,LIMIT,SELL,1,99,2018-08-30T04:48:25.876,2018-08-30T04:48:25.880
choice-moving,Surfer15@bmm,4853,322,6653,6653,639,NULL,1313405,1313405,1313405,NULL,LIMIT,BUY,1,40,2018-08-30T04:48:35.611,2018-08-30T04:48:35.616
choice-moving,Surfer15@bmm,4853,322,6653,6653,639,NULL,1313406,1313406,1313406,NULL,LIMIT,BUY,1,40,2018-08-30T04:48:40.562,2018-08-30T04:48:40.565
choice-moving,Surfer7@bmm,4845,322,6653,6653,641,NULL,1313407,1313407,1313407,1313328,LIMIT,BUY,1,1,2018-08-30T04:48:43.823,2018-08-30T04:48:43.831
choice-moving,Surfer4@bmm,4842,322,6653,6653,638,NULL,1313408,1313343,1313343,1313343,CANCEL,BUY,4,99,2018-08-30T04:48:57.612,2018-08-30T04:48:57.618
choice-moving,Surfer6@bmm,4844,322,6653,6653,640,NULL,1313409,1313384,1313384,1313384,CANCEL,BUY,1,64,2018-08-30T04:48:59.247,2018-08-30T04:48:59.252
choice-moving,Surfer6@bmm,4844,322,6653,6653,640,NULL,1313410,1313379,1313379,1313379,CANCEL,BUY,1,84,2018-08-30T04:49:00.135,2018-08-30T04:49:00.140
choice-moving,Surfer4@bmm,4842,322,6653,6653,641,NULL,1313411,1313084,1313084,1313084,CANCEL,SELL,1,9,2018-08-30T04:49:02.708,2018-08-30T04:49:02.713
choice-moving,Surfer6@bmm,4844,322,6653,6653,640,NULL,1313412,1313412,1313412,NULL,LIMIT,BUY,1,95,2018-08-30T04:49:05.240,2018-08-30T04:49:05.243
choice-moving,Surfer15@bmm,4853,322,6653,6653,639,NULL,1313413,1313413,1313413,NULL,LIMIT,BUY,1,50,2018-08-30T04:49:05.505,2018-08-30T04:49:05.508
choice-moving,Surfer10@bmm,4848,322,6653,6653,638,NULL,1313414,1313274,1313274,1313274,CANCEL,BUY,1,99,2018-08-30T04:49:05.637,2018-08-30T04:49:05.643
choice-moving,Surfer3@bmm,4841,322,6653,6653,638,NULL,1313415,1313159,1313159,1313159,CANCEL,BUY,1,92,2018-08-30T04:49:06.554,2018-08-30T04:49:06.559
choice-moving,Surfer3@bmm,4841,322,6653,6653,638,NULL,1313416,1313042,1313042,1313042,CANCEL,BUY,1,70,2018-08-30T04:49:06.815,2018-08-30T04:49:06.821