account,email,owner,marketplace,session,period,market,target,order,original,supplier,consumer,type,side,units,price,createdDate,lastModifiedDate
choice-moving,Surfer17@bmm,4855,324,6656,6656,646,NULL,1313809,1313809,1313809,NULL,LIMIT,BUY,1,55,2018-08-30T04:58:58.406,2018-08-30T04:58:58.411
choice-moving,Surfer17@bmm,4855,324,6656,6656,646,NULL,1313810,1313810,1313810,NULL,LIMIT,BUY,1,55,2018-08-30T04:58:58.633,2018-08-30T04:58:58.636
choice-moving,Surfer17@bmm,4855,324,6656,6656,646,NULL,1313811,1313811,1313811,NULL,LIMIT,BUY,1,65,2018-08-30T04:58:58.770,2018-08-30T04:58:58.773
choice-moving,Surfer17@bmm,4855,324,6656,6656,646,NULL,1313812,1313812,1313812,NULL,LIMIT,BUY,1,65,2018-08-30T04:58:59.124,2018-08-30T04:58:59.127
choice-moving,Surfer17@bmm,4855,324,6656,6656,646,NULL,1313813,1313813,1313813,NULL,LIMIT,BUY,1,65,2018-08-30T04:58:59.194,2018-08-30T04:58:59.197
choice-moving,Surfer12@bmm,4850,324,6656,6656,649,NULL,1313814,1313814,1313814,1313848,LIMIT,SELL,1,53,2018-08-30T04:59:00.192,2018-08-30T04:59:28.165
choice-moving,Surfer17@bmm,4855,324,6656,6656,646,NULL,1313815,1313815,1313815,NULL,LIMIT,BUY,1,70,2018-08-30T04:59:00.713,2018-08-30T04:59:00.716
choice-moving,Surfer12@bmm,4850,324,6656,6656,649,NULL,1313816,1313816,1313816,1313846,LIMIT,SELL,1,37,2018-08-30T04:59:02.641,2018-08-30T04:59:28.019
choice-moving,Surfer3@bmm,4841,324,6656,6656,648,NULL,1313817,1313817,1313817,1313823,LIMIT,SELL,1,6,2018-08-30T04:59:03.491,2018-08-30T04:59:10.445
choice-moving,Surfer4@bmm,4842,324,6656,6656,646,NULL,1313818,1313818,1313818,1313878,LIMIT,BUY,1,73,2018-08-30T04:59:05.047,2018-08-30T04:59:47.440
choice-moving,Surfer17@bmm,4855,324,6656,6656,647,NULL,1313819,1313819,1313819,NULL,LIMIT,BUY,1,61,2018-08-30T04:59:05.601,2018-08-30T04:59:05.604
choice-moving,Surfer17@bmm,4855,324,6656,6656,647,NULL,1313820,1313820,1313820,NULL,LIMIT,BUY,1,61,2018-08-30T04:59:05.699,2018-08-30T04:59:05.701
choice-moving,Surfer17@bmm,4855,324,6656,6656,647,NULL,1313821,1313821,1313821,NULL,LIMIT,BUY,1,61,2018-08-30T04:59:05.868,2018-08-30T04:59:05.872
choice-moving,Surfer17@bmm,4855,324,6656,6656,647,NULL,1313822,1313822,1313822,NULL,LIMIT,BUY,1,53,2018-08-30T04:59:07.579,2018-08-30T04:59:07.582
choice-moving,Surfer11@bmm,4849,324,6656,6656,648,NULL,1313823,1313823,1313823,1313817,LIMIT,BUY,1,6,2018-08-30T04:59:10.439,2018-08-30T04:59:10.445
choice-moving,Surfer6@bmm,4844,324,6656,6656,647,NULL,1313824,1313824,1313824,1313962,LIMIT,BUY,1,67,2018-08-30T04:59:11.411,2018-08-30T05:00:44.615
choice-moving,Surfer6@bmm,4844,324,6656,6656,647,NULL,1313825,1313825,1313825,1313953,LIMIT,BUY,1,67,2018-08-30T04:59:11.599,2018-08-30T05:00:38.760
choice-moving,Surfer6@bmm,4844,324,6656,6656,647,NULL,1313826,1313826,1313826,1313952,LIMIT,BUY,1,67,2018-08-30T04:59:11.647,2018-08-30T05:00:38.096
choice-moving,Surfer6@bmm,4844,324,6656,6656,647,NULL,1313827,1313827,1313827,1313892,LIMIT,BUY,1,67,2018-08-30T04:59:11.677,2018-08-30T04:59:53.939
choice-moving,Surfer17@bmm,4855,324,6656,6656,647,NULL,1313828,1313828,1313828,NULL,LIMIT,BUY,1,17,2018-08-30T04:59:11.808,2018-08-30T04:59:11.811
choice-moving,Surfer4@bmm,4842,324,6656,6656,647,NULL,1313829,1313829,1313829,0,LIMIT,BUY,3,71,2018-08-30T04:59:13.137,2018-08-30T04:59:30.835
choice-moving,Surfer10@bmm,4848,324,6656,6656,649,NULL,1313830,1313830,1313830,1313842,LIMIT,SELL,1,14,2018-08-30T04:59:13.431,2018-08-30T04:59:26.489
choice-moving,Surfer3@bmm,4841,324,6656,6656,646,NULL,1313831,1313831,1313831,1314155,LIMIT,BUY,1,77,2018-08-30T04:59:15.014,2018-08-30T05:03:31.107
choice-moving,Surfer17@bmm,4855,324,6656,6656,646,NULL,1313832,1313832,1313832,NULL,LIMIT,BUY,1,9,2018-08-30T04:59:16.320,2018-08-30T04:59:16.323
choice-moving,Surfer2@bmm,4840,324,6656,6656,646,NULL,1313833,1313833,1313833,1313857,LIMIT,BUY,1,99,2018-08-30T04:59:18.011,2018-08-30T04:59:31.880
choice-moving,Surfer10@bmm,4848,324,6656,6656,646,NULL,1313834,1313834,1313834,1314065,LIMIT,BUY,1,84,2018-08-30T04:59:19.751,2018-08-30T05:01:52.749
choice-moving,Surfer11@bmm,4849,324,6656,6656,646,NULL,1313835,1313835,1313835,1313836,LIMIT,BUY,1,80,2018-08-30T04:59:20.878,2018-08-30T04:59:22.432
choice-moving,Surfer11@bmm,4849,324,6656,6656,646,NULL,1313836,1313835,1313835,1313835,CANCEL,BUY,1,80,2018-08-30T04:59:22.427,2018-08-30T04:59:22.432
choice-moving,Surfer7@bmm,4845,324,6656,6656,646,NULL,1313837,1313837,1313837,1313851,LIMIT,SELL,1,100,2018-08-30T04:59:22.903,2018-08-30T04:59:28.306
choice-moving,Surfer6@bmm,4844,324,6656,6656,648,NULL,1313838,1313838,1313838,1313918,LIMIT,BUY,1,13,2018-08-30T04:59:23.078,2018-08-30T05:00:07.690
choice-moving,Surfer6@bmm,4844,324,6656,6656,648,NULL,1313839,1313839,1313839,1313916,LIMIT,BUY,1,13,2018-08-30T04:59:23.235,2018-08-30T05:00:07.024
choice-moving,Surfer6@bmm,4844,324,6656,6656,648,NULL,1313840,1313840,1313840,1313914,LIMIT,BUY,1,13,2018-08-30T04:59:23.434,2018-08-30T05:00:06.233
choice-moving,Surfer6@bmm,4844,324,6656,6656,648,NULL,1313841,1313841,1313841,1313913,LIMIT,BUY,1,13,2018-08-30T04:59:23.617,2018-08-30T05:00:05.656
choice-moving,Surfer14@bmm,4852,324,6656,6656,649,NULL,1313842,1313842,1313842,1313830,LIMIT,BUY,1,14,2018-08-30T04:59:26.482,2018-08-30T04:59:26.489
choice-moving,Surfer14@bmm,4852,324,6656,6656,649,NULL,1313843,1313843,1313843,1313866,LIMIT,BUY,1,14,2018-08-30T04:59:26.608,2018-08-30T04:59:36.060
choice-moving,Surfer11@bmm,4849,324,6656,6656,646,NULL,1313844,1313844,1313844,1314045,LIMIT,BUY,1,85,2018-08-30T04:59:26.818,2018-08-30T05:01:38.864
choice-moving,Surfer9@bmm,4847,324,6656,6656,649,NULL,1313845,1313845,1313845,0,LIMIT,BUY,1,100,2018-08-30T04:59:28.008,2018-08-30T04:59:28.018
choice-moving,Surfer9@bmm,4847,324,6656,6656,649,NULL,1313846,1313845,1313845,1313816,LIMIT,BUY,1,37,2018-08-30T04:59:28.015,2018-08-30T04:59:28.019
choice-moving,Surfer9@bmm,4847,324,6656,6656,649,NULL,1313847,1313847,1313847,0,LIMIT,BUY,1,100,2018-08-30T04:59:28.155,2018-08-30T04:59:28.164
choice-moving,Surfer9@bmm,4847,324,6656,6656,649,NULL,1313848,1313847,1313847,1313814,LIMIT,BUY,1,53,2018-08-30T04:59:28.161,2018-08-30T04:59:28.165
choice-moving,Surfer9@bmm,4847,324,6656,6656,649,NULL,1313849,1313849,1313849,1313867,LIMIT,BUY,1,100,2018-08-30T04:59:28.254,2018-08-30T04:59:37.020
choice-moving,Surfer9@bmm,4847,324,6656,6656,649,NULL,1313850,1313850,1313850,1313863,LIMIT,BUY,1,100,2018-08-30T04:59:28.261,2018-08-30T04:59:35.304
choice-moving,Surfer15@bmm,4853,324,6656,6656,646,NULL,1313851,1313851,1313851,1313837,LIMIT,BUY,1,100,2018-08-30T04:59:28.299,2018-08-30T04:59:28.306
choice-moving,Surfer10@bmm,4848,324,6656,6656,646,NULL,1313852,1313852,1313852,1313864,LIMIT,BUY,1,98,2018-08-30T04:59:28.446,2018-08-30T04:59:35.350
choice-moving,Surfer18@bmm,4856,324,6656,6656,647,NULL,1313853,1313853,1313853,0,LIMIT,SELL,1,21,2018-08-30T04:59:30.819,2018-08-30T04:59:30.835
choice-moving,Surfer18@bmm,4856,324,6656,6656,647,NULL,1313854,1313853,1313853,1313855,LIMIT,SELL,1,71,2018-08-30T04:59:30.826,2018-08-30T04:59:30.836
choice-moving,Surfer4@bmm,4842,324,6656,6656,647,NULL,1313855,1313829,1313829,1313854,LIMIT,BUY,1,71,2018-08-30T04:59:30.828,2018-08-30T04:59:30.836
choice-moving,Surfer4@bmm,4842,324,6656,6656,647,NULL,1313856,1313829,1313829,1313937,LIMIT,BUY,2,71,2018-08-30T04:59:13.137,2018-08-30T05:00:23.197
choice-moving,Surfer5@bmm,4843,324,6656,6656,646,NULL,1313857,1313857,1313857,1313833,LIMIT,SELL,1,99,2018-08-30T04:59:31.873,2018-08-30T04:59:31.880
choice-moving,Surfer1@bmm,4839,324,6656,6656,649,NULL,1313858,1313858,1313858,1314030,LIMIT,BUY,1,41,2018-08-30T04:59:32.768,2018-08-30T05:01:29.646
choice-moving,Surfer14@bmm,4852,324,6656,6656,649,NULL,1313859,1313859,1313859,1313862,LIMIT,BUY,1,53,2018-08-30T04:59:33.383,2018-08-30T04:59:35.168
choice-moving,Surfer3@bmm,4841,324,6656,6656,647,NULL,1313860,1313860,1313860,1314188,LIMIT,BUY,1,85,2018-08-30T04:59:33.447,2018-08-30T05:04:38.678
choice-moving,Surfer1@bmm,4839,324,6656,6656,649,NULL,1313861,1313861,1313861,1314029,LIMIT,BUY,1,57,2018-08-30T04:59:33.562,2018-08-30T05:01:28.351
choice-moving,Surfer14@bmm,4852,324,6656,6656,649,NULL,1313862,1313859,1313859,1313859,CANCEL,BUY,1,53,2018-08-30T04:59:35.162,2018-08-30T04:59:35.168
choice-moving,Surfer9@bmm,4847,324,6656,6656,649,NULL,1313863,1313850,1313850,1313850,CANCEL,BUY,1,100,2018-08-30T04:59:35.298,2018-08-30T04:59:35.304
choice-moving,Surfer5@bmm,4843,324,6656,6656,646,NULL,1313864,1313864,1313864,1313852,LIMIT,SELL,1,98,2018-08-30T04:59:35.343,2018-08-30T04:59:35.349
choice-moving,Surfer4@bmm,4842,324,6656,6656,649,NULL,1313865,1313865,1313865,1313907,LIMIT,BUY,1,61,2018-08-30T04:59:35.971,2018-08-30T05:00:01.505
choice-moving,Surfer14@bmm,4852,324,6656,6656,649,NULL,1313866,1313843,1313843,1313843,CANCEL,BUY,1,14,2018-08-30T04:59:36.053,2018-08-30T04:59:36.059
choice-moving,Surfer9@bmm,4847,324,6656,6656,649,NULL,1313867,1313849,1313849,1313849,CANCEL,BUY,1,100,2018-08-30T04:59:37.014,2018-08-30T04:59:37.020
choice-moving,Surfer18@bmm,4856,324,6656,6656,649,NULL,1313868,1313868,1313868,1313890,LIMIT,SELL,1,100,2018-08-30T04:59:38.978,2018-08-30T04:59:53.308
choice-moving,Surfer4@bmm,4842,324,6656,6656,647,NULL,1313869,1313869,1313869,1313880,LIMIT,BUY,1,86,2018-08-30T04:59:40.193,2018-08-30T04:59:47.606
choice-moving,Surfer11@bmm,4849,324,6656,6656,647,NULL,1313870,1313870,1313870,1313919,LIMIT,BUY,1,85,2018-08-30T04:59:40.665,2018-08-30T05:00:08.773
choice-moving,Surfer4@bmm,4842,324,6656,6656,647,NULL,1313871,1313871,1313871,1313938,LIMIT,BUY,1,86,2018-08-30T04:59:40.777,2018-08-30T05:00:24.687
choice-moving,Surfer1@bmm,4839,324,6656,6656,648,NULL,1313872,1313872,1313872,1314024,LIMIT,BUY,1,62,2018-08-30T04:59:41.940,2018-08-30T05:01:22.541
choice-moving,Surfer12@bmm,4850,324,6656,6656,649,NULL,1313873,1313873,1313873,1313877,LIMIT,SELL,1,77,2018-08-30T04:59:42.969,2018-08-30T04:59:45.749
choice-moving,Surfer4@bmm,4842,324,6656,6656,646,NULL,1313874,1313874,1313874,1313975,LIMIT,BUY,1,86,2018-08-30T04:59:44.844,2018-08-30T05:00:48.598
choice-moving,Surfer6@bmm,4844,324,6656,6656,646,NULL,1313875,1313875,1313875,1314046,LIMIT,BUY,1,90,2018-08-30T04:59:44.956,2018-08-30T05:01:38.957
choice-moving,Surfer6@bmm,4844,324,6656,6656,646,NULL,1313876,1313876,1313876,1314043,LIMIT,BUY,1,90,2018-08-30T04:59:45.245,2018-08-30T05:01:36.909
choice-moving,Surfer12@bmm,4850,324,6656,6656,649,NULL,1313877,1313873,1313873,1313873,CANCEL,SELL,1,77,2018-08-30T04:59:45.743,2018-08-30T04:59:45.749
choice-moving,Surfer4@bmm,4842,324,6656,6656,646,NULL,1313878,1313818,1313818,1313818,CANCEL,BUY,1,73,2018-08-30T04:59:47.434,2018-08-30T04:59:47.439
choice-moving,Surfer8@bmm,4846,324,6656,6656,647,NULL,1313879,1313879,1313879,0,LIMIT,SELL,1,85,2018-08-30T04:59:47.597,2018-08-30T04:59:47.606
choice-moving,Surfer8@bmm,4846,324,6656,6656,647,NULL,1313880,1313879,1313879,1313869,LIMIT,SELL,1,86,2018-08-30T04:59:47.602,2018-08-30T04:59:47.607
choice-moving,Surfer18@bmm,4856,324,6656,6656,649,NULL,1313881,1313881,1313881,1313885,LIMIT,SELL,1,67,2018-08-30T04:59:49.720,2018-08-30T04:59:51.587
choice-moving,Surfer12@bmm,4850,324,6656,6656,649,NULL,1313882,1313882,1313882,1313889,LIMIT,SELL,1,90,2018-08-30T04:59:49.873,2018-08-30T04:59:52.543
choice-moving,Surfer4@bmm,4842,324,6656,6656,646,NULL,1313883,1313883,1313883,1313998,LIMIT,BUY,1,93,2018-08-30T04:59:50.866,2018-08-30T05:01:04.553
choice-moving,Surfer14@bmm,4852,324,6656,6656,649,NULL,1313884,1313884,1313884,0,LIMIT,BUY,1,100,2018-08-30T04:59:51.576,2018-08-30T04:59:51.587
choice-moving,Surfer14@bmm,4852,324,6656,6656,649,NULL,1313885,1313884,1313884,1313881,LIMIT,BUY,1,67,2018-08-30T04:59:51.583,2018-08-30T04:59:51.587
choice-moving,Surfer6@bmm,4844,324,6656,6656,647,NULL,1313886,1313886,1313886,1313921,LIMIT,BUY,1,92,2018-08-30T04:59:51.861,2018-08-30T05:00:09.907
choice-moving,Surfer6@bmm,4844,324,6656,6656,647,NULL,1313887,1313887,1313887,1313965,LIMIT,BUY,1,92,2018-08-30T04:59:52.118,2018-08-30T05:00:45.886
choice-moving,Surfer14@bmm,4852,324,6656,6656,649,NULL,1313888,1313888,1313888,0,LIMIT,BUY,1,100,2018-08-30T04:59:52.533,2018-08-30T04:59:52.543
choice-moving,Surfer14@bmm,4852,324,6656,6656,649,NULL,1313889,1313888,1313888,1313882,LIMIT,BUY,1,90,2018-08-30T04:59:52.539,2018-08-30T04:59:52.543
choice-moving,Surfer14@bmm,4852,324,6656,6656,649,NULL,1313890,1313890,1313890,1313868,LIMIT,BUY,1,100,2018-08-30T04:59:53.301,2018-08-30T04:59:53.308
choice-moving,Surfer1@bmm,4839,324,6656,6656,649,NULL,1313891,1313891,1313891,1313902,LIMIT,BUY,1,81,2018-08-30T04:59:53.340,2018-08-30T05:00:00.111
choice-moving,Surfer6@bmm,4844,324,6656,6656,647,NULL,1313892,1313827,1313827,1313827,CANCEL,BUY,1,67,2018-08-30T04:59:53.933,2018-08-30T04:59:53.939
choice-moving,Surfer16@bmm,4854,324,6656,6656,648,NULL,1313893,1313893,1313893,1313926,LIMIT,BUY,2,69,2018-08-30T04:59:54.246,2018-08-30T05:00:16.638
choice-moving,Surfer4@bmm,4842,324,6656,6656,648,NULL,1313894,1313894,1313894,1313954,LIMIT,BUY,1,63,2018-08-30T04:59:55.352,2018-08-30T05:00:38.787
choice-moving,Surfer1@bmm,4839,324,6656,6656,649,NULL,1313895,1313895,1313895,1313904,LIMIT,BUY,1,68,2018-08-30T04:59:55.402,2018-08-30T05:00:00.559
choice-moving,Surfer11@bmm,4849,324,6656,6656,648,NULL,1313896,1313896,1313896,1313898,LIMIT,BUY,1,71,2018-08-30T04:59:56.920,2018-08-30T04:59:57.321
choice-moving,Surfer3@bmm,4841,324,6656,6656,648,NULL,1313897,1313897,1313897,0,LIMIT,SELL,1,68,2018-08-30T04:59:57.295,2018-08-30T04:59:57.321
choice-moving,Surfer3@bmm,4841,324,6656,6656,648,NULL,1313898,1313897,1313897,1313896,LIMIT,SELL,1,71,2018-08-30T04:59:57.301,2018-08-30T04:59:57.321
choice-moving,Surfer6@bmm,4844,324,6656,6656,648,NULL,1313899,1313899,1313899,1313994,LIMIT,BUY,1,72,2018-08-30T04:59:59.267,2018-08-30T05:01:01.080
choice-moving,Surfer6@bmm,4844,324,6656,6656,648,NULL,1313900,1313900,1313900,1313985,LIMIT,BUY,1,72,2018-08-30T04:59:59.490,2018-08-30T05:00:56.409
choice-moving,Surfer8@bmm,4846,324,6656,6656,649,NULL,1313901,1313901,1313901,0,LIMIT,SELL,1,80,2018-08-30T05:00:00.099,2018-08-30T05:00:00.110
choice-moving,Surfer8@bmm,4846,324,6656,6656,649,NULL,1313902,1313901,1313901,1313891,LIMIT,SELL,1,81,2018-08-30T05:00:00.107,2018-08-30T05:00:00.111
choice-moving,Surfer2@bmm,4840,324,6656,6656,649,NULL,1313903,1313903,1313903,0,LIMIT,SELL,1,0,2018-08-30T05:00:00.548,2018-08-30T05:00:00.559
choice-moving,Surfer2@bmm,4840,324,6656,6656,649,NULL,1313904,1313903,1313903,1313895,LIMIT,SELL,1,68,2018-08-30T05:00:00.554,2018-08-30T05:00:00.560
choice-moving,Surfer10@bmm,4848,324,6656,6656,649,NULL,1313905,1313905,1313905,1313981,LIMIT,BUY,1,6,2018-08-30T05:00:01.356,2018-08-30T05:00:52.304
choice-moving,Surfer2@bmm,4840,324,6656,6656,649,NULL,1313906,1313906,1313906,0,LIMIT,SELL,1,0,2018-08-30T05:00:01.495,2018-08-30T05:00:01.505
choice-moving,Surfer2@bmm,4840,324,6656,6656,649,NULL,1313907,1313906,1313906,1313865,LIMIT,SELL,1,61,2018-08-30T05:00:01.501,2018-08-30T05:00:01.505
choice-moving,Surfer18@bmm,4856,324,6656,6656,649,NULL,1313908,1313908,1313908,1313911,LIMIT,SELL,1,100,2018-08-30T05:00:02.137,2018-08-30T05:00:03.054
choice-moving,Surfer19@bmm,4857,324,6656,6656,648,NULL,1313909,1313909,1313909,1314035,LIMIT,BUY,1,70,2018-08-30T05:00:02.384,2018-08-30T05:01:31.931
choice-moving,Surfer1@bmm,4839,324,6656,6656,649,NULL,1313910,1313910,1313910,1314031,LIMIT,BUY,1,61,2018-08-30T05:00:02.530,2018-08-30T05:01:30.422
choice-moving,Surfer14@bmm,4852,324,6656,6656,649,NULL,1313911,1313911,1313911,1313908,LIMIT,BUY,1,100,2018-08-30T05:00:03.047,2018-08-30T05:00:03.054
choice-moving,Surfer11@bmm,4849,324,6656,6656,648,NULL,1313912,1313912,1313912,1313977,LIMIT,BUY,1,73,2018-08-30T05:00:03.177,2018-08-30T05:00:48.784
choice-moving,Surfer6@bmm,4844,324,6656,6656,648,NULL,1313913,1313841,1313841,1313841,CANCEL,BUY,1,13,2018-08-30T05:00:05.650,2018-08-30T05:00:05.656
choice-moving,Surfer6@bmm,4844,324,6656,6656,648,NULL,1313914,1313840,1313840,1313840,CANCEL,BUY,1,13,2018-08-30T05:00:06.227,2018-08-30T05:00:06.233
choice-moving,Surfer16@bmm,4854,324,6656,6656,649,NULL,1313915,1313915,1313915,1314040,LIMIT,BUY,3,79,2018-08-30T05:00:06.933,2018-08-30T05:01:34.864
choice-moving,Surfer6@bmm,4844,324,6656,6656,648,NULL,1313916,1313839,1313839,1313839,CANCEL,BUY,1,13,2018-08-30T05:00:07.017,2018-08-30T05:00:07.024
choice-moving,Surfer9@bmm,4847,324,6656,6656,646,NULL,1313917,1313917,1313917,1313964,LIMIT,BUY,1,99,2018-08-30T05:00:07.505,2018-08-30T05:00:45.642
choice-moving,Surfer6@bmm,4844,324,6656,6656,648,NULL,1313918,1313838,1313838,1313838,CANCEL,BUY,1,13,2018-08-30T05:00:07.683,2018-08-30T05:00:07.689
choice-moving,Surfer11@bmm,4849,324,6656,6656,647,NULL,1313919,1313870,1313870,1313870,CANCEL,BUY,1,85,2018-08-30T05:00:08.768,2018-08-30T05:00:08.773
choice-moving,Surfer8@bmm,4846,324,6656,6656,647,NULL,1313920,1313920,1313920,0,LIMIT,SELL,1,91,2018-08-30T05:00:09.894,2018-08-30T05:00:09.907
choice-moving,Surfer8@bmm,4846,324,6656,6656,647,NULL,1313921,1313920,1313920,1313886,LIMIT,SELL,1,92,2018-08-30T05:00:09.901,2018-08-30T05:00:09.907
choice-moving,Surfer17@bmm,4855,324,6656,6656,649,NULL,1313922,1313922,1313922,1313925,LIMIT,BUY,1,100,2018-08-30T05:00:11.824,2018-08-30T05:00:16.253
choice-moving,Surfer9@bmm,4847,324,6656,6656,647,NULL,1313923,1313923,1313923,1313933,LIMIT,BUY,1,99,2018-08-30T05:00:12.504,2018-08-30T05:00:20.488
choice-moving,Surfer4@bmm,4842,324,6656,6656,649,NULL,1313924,1313924,1313924,1313947,LIMIT,BUY,1,80,2018-08-30T05:00:13.680,2018-08-30T05:00:36.385
choice-moving,Surfer2@bmm,4840,324,6656,6656,649,NULL,1313925,1313925,1313925,1313922,LIMIT,SELL,1,100,2018-08-30T05:00:16.246,2018-08-30T05:00:16.253
choice-moving,Surfer16@bmm,4854,324,6656,6656,648,NULL,1313926,1313893,1313893,1313893,CANCEL,BUY,2,69,2018-08-30T05:00:16.633,2018-08-30T05:00:16.638
choice-moving,Surfer8@bmm,4846,324,6656,6656,649,NULL,1313927,1313927,1313927,1313979,LIMIT,SELL,1,100,2018-08-30T05:00:18.803,2018-08-30T05:00:51.194
choice-moving,Surfer1@bmm,4839,324,6656,6656,649,NULL,1313928,1313928,1313928,1314033,LIMIT,BUY,1,84,2018-08-30T05:00:19.692,2018-08-30T05:01:31.385
choice-moving,Surfer14@bmm,4852,324,6656,6656,649,NULL,1313929,1313929,1313929,1313936,LIMIT,BUY,1,99,2018-08-30T05:00:19.722,2018-08-30T05:00:21.861
choice-moving,Surfer9@bmm,4847,324,6656,6656,648,NULL,1313930,1313930,1313930,1313950,LIMIT,BUY,1,99,2018-08-30T05:00:19.960,2018-08-30T05:00:37.137
choice-moving,Surfer10@bmm,4848,324,6656,6656,649,NULL,1313931,1313931,1313931,1313986,LIMIT,BUY,1,52,2018-08-30T05:00:20.464,2018-08-30T05:00:56.524
choice-moving,Surfer18@bmm,4856,324,6656,6656,647,NULL,1313932,1313932,1313932,0,LIMIT,SELL,1,72,2018-08-30T05:00:20.479,2018-08-30T05:00:20.488
choice-moving,Surfer18@bmm,4856,324,6656,6656,647,NULL,1313933,1313932,1313932,1313923,LIMIT,SELL,1,99,2018-08-30T05:00:20.485,2018-08-30T05:00:20.488
choice-moving,Surfer19@bmm,4857,324,6656,6656,649,NULL,1313934,1313934,1313934,1314130,LIMIT,BUY,1,85,2018-08-30T05:00:20.722,2018-08-30T05:03:08.826
choice-moving,Surfer15@bmm,4853,324,6656,6656,648,NULL,1313935,1313935,1313935,1314025,LIMIT,SELL,1,100,2018-08-30T05:00:20.769,2018-08-30T05:01:25.597
choice-moving,Surfer14@bmm,4852,324,6656,6656,649,NULL,1313936,1313929,1313929,1313929,CANCEL,BUY,1,99,2018-08-30T05:00:21.856,2018-08-30T05:00:21.861
choice-moving,Surfer4@bmm,4842,324,6656,6656,647,NULL,1313937,1313829,1313829,1313856,CANCEL,BUY,2,71,2018-08-30T05:00:23.192,2018-08-30T05:00:23.197
choice-moving,Surfer4@bmm,4842,324,6656,6656,647,NULL,1313938,1313871,1313871,1313871,CANCEL,BUY,1,86,2018-08-30T05:00:24.681,2018-08-30T05:00:24.686
choice-moving,Surfer19@bmm,4857,324,6656,6656,649,NULL,1313939,1313939,1313939,1313944,LIMIT,BUY,1,90,2018-08-30T05:00:27.876,2018-08-30T05:00:32.337
choice-moving,Surfer13@bmm,4851,324,6656,6656,649,NULL,1313940,1313940,1313940,NULL,LIMIT,BUY,1,15,2018-08-30T05:00:28.288,2018-08-30T05:00:28.290
choice-moving,Surfer4@bmm,4842,324,6656,6656,647,NULL,1313941,1313941,1313941,1313992,LIMIT,BUY,1,93,2018-08-30T05:00:28.711,2018-08-30T05:00:59.566
choice-moving,Surfer11@bmm,4849,324,6656,6656,649,NULL,1313942,1313942,1313942,1314037,LIMIT,BUY,1,87,2018-08-30T05:00:29.451,2018-08-30T05:01:33.329
choice-moving,Surfer1@bmm,4839,324,6656,6656,647,NULL,1313943,1313943,1313943,1314175,LIMIT,BUY,1,93,2018-08-30T05:00:32.106,2018-08-30T05:04:16.875
choice-moving,Surfer2@bmm,4840,324,6656,6656,649,NULL,1313944,1313944,1313944,1313939,LIMIT,SELL,1,90,2018-08-30T05:00:32.327,2018-08-30T05:00:32.336
choice-moving,Surfer15@bmm,4853,324,6656,6656,646,NULL,1313945,1313945,1313945,1313982,LIMIT,SELL,1,100,2018-08-30T05:00:33.777,2018-08-30T05:00:54.297
choice-moving,Surfer4@bmm,4842,324,6656,6656,649,NULL,1313946,1313946,1313946,1313978,LIMIT,BUY,1,91,2018-08-30T05:00:34.431,2018-08-30T05:00:50.708
choice-moving,Surfer4@bmm,4842,324,6656,6656,649,NULL,1313947,1313924,1313924,1313924,CANCEL,BUY,1,80,2018-08-30T05:00:36.379,2018-08-30T05:00:36.385
choice-moving,Surfer9@bmm,4847,324,6656,6656,647,NULL,1313948,1313948,1313948,1313967,LIMIT,BUY,1,99,2018-08-30T05:00:36.765,2018-08-30T05:00:46.317
choice-moving,Surfer13@bmm,4851,324,6656,6656,648,NULL,1313949,1313949,1313949,0,LIMIT,SELL,1,5,2018-08-30T05:00:37.127,2018-08-30T05:00:37.137
choice-moving,Surfer13@bmm,4851,324,6656,6656,648,NULL,1313950,1313949,1313949,1313930,LIMIT,SELL,1,99,2018-08-30T05:00:37.133,2018-08-30T05:00:37.137
choice-moving,Surfer5@bmm,4843,324,6656,6656,648,NULL,1313951,1313951,1313951,1313960,LIMIT,SELL,1,99,2018-08-30T05:00:37.225,2018-08-30T05:00:44.480
choice-moving,Surfer6@bmm,4844,324,6656,6656,647,NULL,1313952,1313826,1313826,1313826,CANCEL,BUY,1,67,2018-08-30T05:00:38.090,2018-08-30T05:00:38.096
choice-moving,Surfer6@bmm,4844,324,6656,6656,647,NULL,1313953,1313825,1313825,1313825,CANCEL,BUY,1,67,2018-08-30T05:00:38.754,2018-08-30T05:00:38.759
choice-moving,Surfer4@bmm,4842,324,6656,6656,648,NULL,1313954,1313894,1313894,1313894,CANCEL,BUY,1,63,2018-08-30T05:00:38.782,2018-08-30T05:00:38.786
choice-moving,Surfer6@bmm,4844,324,6656,6656,649,NULL,1313955,1313955,1313955,1314012,LIMIT,BUY,1,93,2018-08-30T05:00:39.579,2018-08-30T05:01:14.559
choice-moving,Surfer6@bmm,4844,324,6656,6656,649,NULL,1313956,1313956,1313956,1314009,LIMIT,BUY,1,93,2018-08-30T05:00:40.387,2018-08-30T05:01:13.625
choice-moving,Surfer16@bmm,4854,324,6656,6656,648,NULL,1313957,1313957,1313957,0,LIMIT,BUY,3,98,2018-08-30T05:00:40.791,2018-08-30T05:00:47.328
choice-moving,Surfer10@bmm,4848,324,6656,6656,648,NULL,1313958,1313958,1313958,1314079,LIMIT,BUY,1,84,2018-08-30T05:00:41.132,2018-08-30T05:02:06.712
choice-moving,Surfer14@bmm,4852,324,6656,6656,649,NULL,1313959,1313959,1313959,1313976,LIMIT,BUY,1,99,2018-08-30T05:00:42.606,2018-08-30T05:00:48.765
choice-moving,Surfer4@bmm,4842,324,6656,6656,648,NULL,1313960,1313960,1313960,1313951,LIMIT,BUY,1,99,2018-08-30T05:00:44.473,2018-08-30T05:00:44.480
choice-moving,Surfer1@bmm,4839,324,6656,6656,649,NULL,1313961,1313961,1313961,1314177,LIMIT,BUY,1,93,2018-08-30T05:00:44.500,2018-08-30T05:04:17.838
choice-moving,Surfer6@bmm,4844,324,6656,6656,647,NULL,1313962,1313824,1313824,1313824,CANCEL,BUY,1,67,2018-08-30T05:00:44.609,2018-08-30T05:00:44.615
choice-moving,Surfer13@bmm,4851,324,6656,6656,646,NULL,1313963,1313963,1313963,0,LIMIT,SELL,1,6,2018-08-30T05:00:45.632,2018-08-30T05:00:45.641
choice-moving,Surfer13@bmm,4851,324,6656,6656,646,NULL,1313964,1313963,1313963,1313917,LIMIT,SELL,1,99,2018-08-30T05:00:45.638,2018-08-30T05:00:45.642
choice-moving,Surfer6@bmm,4844,324,6656,6656,647,NULL,1313965,1313887,1313887,1313887,CANCEL,BUY,1,92,2018-08-30T05:00:45.880,2018-08-30T05:00:45.885
choice-moving,Surfer8@bmm,4846,324,6656,6656,647,NULL,1313966,1313966,1313966,0,LIMIT,SELL,1,97,2018-08-30T05:00:46.307,2018-08-30T05:00:46.316
choice-moving,Surfer8@bmm,4846,324,6656,6656,647,NULL,1313967,1313966,1313966,1313948,LIMIT,SELL,1,99,2018-08-30T05:00:46.313,2018-08-30T05:00:46.317
choice-moving,Surfer6@bmm,4844,324,6656,6656,649,NULL,1313968,1313968,1313968,1314006,LIMIT,BUY,1,93,2018-08-30T05:00:47.306,2018-08-30T05:01:12.239
choice-moving,Surfer15@bmm,4853,324,6656,6656,648,NULL,1313969,1313969,1313969,1313970,LIMIT,SELL,1,98,2018-08-30T05:00:47.313,2018-08-30T05:00:47.328
choice-moving,Surfer16@bmm,4854,324,6656,6656,648,NULL,1313970,1313957,1313957,1313969,LIMIT,BUY,1,98,2018-08-30T05:00:47.321,2018-08-30T05:00:47.328
choice-moving,Surfer16@bmm,4854,324,6656,6656,648,NULL,1313971,1313957,1313957,0,LIMIT,BUY,2,98,2018-08-30T05:00:40.791,2018-08-30T05:00:56.694
choice-moving,Surfer5@bmm,4843,324,6656,6656,646,NULL,1313972,1313972,1313972,1313974,LIMIT,SELL,1,99,2018-08-30T05:00:47.372,2018-08-30T05:00:47.938
choice-moving,Surfer2@bmm,4840,324,6656,6656,646,NULL,1313973,1313973,1313973,0,LIMIT,BUY,1,100,2018-08-30T05:00:47.928,2018-08-30T05:00:47.938
choice-moving,Surfer2@bmm,4840,324,6656,6656,646,NULL,1313974,1313973,1313973,1313972,LIMIT,BUY,1,99,2018-08-30T05:00:47.934,2018-08-30T05:00:47.938
choice-moving,Surfer4@bmm,4842,324,6656,6656,646,NULL,1313975,1313874,1313874,1313874,CANCEL,BUY,1,86,2018-08-30T05:00:48.592,2018-08-30T05:00:48.598
choice-moving,Surfer14@bmm,4852,324,6656,6656,649,NULL,1313976,1313959,1313959,1313959,CANCEL,BUY,1,99,2018-08-30T05:00:48.760,2018-08-30T05:00:48.765
choice-moving,Surfer11@bmm,4849,324,6656,6656,648,NULL,1313977,1313912,1313912,1313912,CANCEL,BUY,1,73,2018-08-30T05:00:48.778,2018-08-30T05:00:48.783
choice-moving,Surfer4@bmm,4842,324,6656,6656,649,NULL,1313978,1313946,1313946,1313946,CANCEL,BUY,1,91,2018-08-30T05:00:50.702,2018-08-30T05:00:50.708
choice-moving,Surfer8@bmm,4846,324,6656,6656,649,NULL,1313979,1313927,1313927,1313927,CANCEL,SELL,1,100,2018-08-30T05:00:51.188,2018-08-30T05:00:51.194
choice-moving,Surfer18@bmm,4856,324,6656,6656,647,NULL,1313980,1313980,1313980,1314017,LIMIT,SELL,1,100,2018-08-30T05:00:51.499,2018-08-30T05:01:18.105
choice-moving,Surfer10@bmm,4848,324,6656,6656,649,NULL,1313981,1313905,1313905,1313905,CANCEL,BUY,1,6,2018-08-30T05:00:52.299,2018-08-30T05:00:52.304
choice-moving,Surfer2@bmm,4840,324,6656,6656,646,NULL,1313982,1313982,1313982,1313945,LIMIT,BUY,1,100,2018-08-30T05:00:54.287,2018-08-30T05:00:54.296
choice-moving,Surfer4@bmm,4842,324,6656,6656,649,NULL,1313983,1313983,1313983,1314018,LIMIT,BUY,1,94,2018-08-30T05:00:55.008,2018-08-30T05:01:18.448
choice-moving,Surfer1@bmm,4839,324,6656,6656,648,NULL,1313984,1313984,1313984,1314180,LIMIT,BUY,1,92,2018-08-30T05:00:55.024,2018-08-30T05:04:19.696
choice-moving,Surfer6@bmm,4844,324,6656,6656,648,NULL,1313985,1313900,1313900,1313900,CANCEL,BUY,1,72,2018-08-30T05:00:56.404,2018-08-30T05:00:56.409
choice-moving,Surfer10@bmm,4848,324,6656,6656,649,NULL,1313986,1313931,1313931,1313931,CANCEL,BUY,1,52,2018-08-30T05:00:56.519,2018-08-30T05:00:56.524
choice-moving,Surfer5@bmm,4843,324,6656,6656,648,NULL,1313987,1313987,1313987,1313988,LIMIT,SELL,1,98,2018-08-30T05:00:56.683,2018-08-30T05:00:56.694
choice-moving,Surfer16@bmm,4854,324,6656,6656,648,NULL,1313988,1313957,1313971,1313987,LIMIT,BUY,1,98,2018-08-30T05:00:56.688,2018-08-30T05:00:56.694
choice-moving,Surfer16@bmm,4854,324,6656,6656,648,NULL,1313989,1313957,1313971,1313990,LIMIT,BUY,1,98,2018-08-30T05:00:40.791,2018-08-30T05:00:58.936
choice-moving,Surfer5@bmm,4843,324,6656,6656,648,NULL,1313990,1313990,1313990,1313989,LIMIT,SELL,1,98,2018-08-30T05:00:58.928,2018-08-30T05:00:58.935
choice-moving,Surfer8@bmm,4846,324,6656,6656,647,NULL,1313991,1313991,1313991,0,LIMIT,SELL,1,92,2018-08-30T05:00:59.557,2018-08-30T05:00:59.566
choice-moving,Surfer8@bmm,4846,324,6656,6656,647,NULL,1313992,1313991,1313991,1313941,LIMIT,SELL,1,93,2018-08-30T05:00:59.562,2018-08-30T05:00:59.566
choice-moving,Surfer11@bmm,4849,324,6656,6656,647,NULL,1313993,1313993,1313993,1314022,LIMIT,BUY,1,95,2018-08-30T05:01:00.201,2018-08-30T05:01:21.339
choice-moving,Surfer6@bmm,4844,324,6656,6656,648,NULL,1313994,1313899,1313899,1313899,CANCEL,BUY,1,72,2018-08-30T05:01:01.074,2018-08-30T05:01:01.079
choice-moving,Surfer4@bmm,4842,324,6656,6656,648,NULL,1313995,1313995,1313995,1314023,LIMIT,BUY,1,94,2018-08-30T05:01:03.004,2018-08-30T05:01:22.380
choice-moving,Surfer19@bmm,4857,324,6656,6656,646,NULL,1313996,1313996,1313996,1314108,LIMIT,BUY,1,85,2018-08-30T05:01:03.908,2018-08-30T05:02:43.725
choice-moving,Surfer13@bmm,4851,324,6656,6656,646,NULL,1313997,1313997,1313997,0,LIMIT,SELL,1,55,2018-08-30T05:01:04.543,2018-08-30T05:01:04.552
choice-moving,Surfer13@bmm,4851,324,6656,6656,646,NULL,1313998,1313997,1313997,1313883,LIMIT,SELL,1,93,2018-08-30T05:01:04.549,2018-08-30T05:01:04.553
choice-moving,Surfer16@bmm,4854,324,6656,6656,649,NULL,1313999,1313999,1313999,1314050,LIMIT,BUY,2,96,2018-08-30T05:01:04.564,2018-08-30T05:01:41.528
choice-moving,Surfer11@bmm,4849,324,6656,6656,648,NULL,1314000,1314000,1314000,1314003,LIMIT,SELL,1,95,2018-08-30T05:01:07.265,2018-08-30T05:01:09.402
choice-moving,Surfer4@bmm,4842,324,6656,6656,647,NULL,1314001,1314001,1314001,1314071,LIMIT,BUY,1,96,2018-08-30T05:01:07.715,2018-08-30T05:01:59.532
choice-moving,Surfer15@bmm,4853,324,6656,6656,647,NULL,1314002,1314002,1314002,NULL,LIMIT,BUY,1,96,2018-08-30T05:01:09.285,2018-08-30T05:01:09.288
choice-moving,Surfer11@bmm,4849,324,6656,6656,648,NULL,1314003,1314000,1314000,1314000,CANCEL,SELL,1,95,2018-08-30T05:01:09.396,2018-08-30T05:01:09.402
choice-moving,Surfer6@bmm,4844,324,6656,6656,649,NULL,1314004,1314004,1314004,1314015,LIMIT,BUY,1,98,2018-08-30T05:01:10.027,2018-08-30T05:01:15.683
choice-moving,Surfer6@bmm,4844,324,6656,6656,649,NULL,1314005,1314005,1314005,1314028,LIMIT,BUY,1,98,2018-08-30T05:01:10.266,2018-08-30T05:01:26.093
choice-moving,Surfer6@bmm,4844,324,6656,6656,649,NULL,1314006,1313968,1313968,1313968,CANCEL,BUY,1,93,2018-08-30T05:01:12.234,2018-08-30T05:01:12.239
choice-moving,Surfer3@bmm,4841,324,6656,6656,649,NULL,1314007,1314007,1314007,1314158,LIMIT,BUY,1,97,2018-08-30T05:01:12.271,2018-08-30T05:03:34.749
choice-moving,Surfer6@bmm,4844,324,6656,6656,649,NULL,1314008,1313968,1313968,1314008,CANCEL,BUY,1,93,2018-08-30T05:01:12.474,2018-08-30T05:01:12.480
choice-moving,Surfer6@bmm,4844,324,6656,6656,649,NULL,1314009,1313956,1313956,1313956,CANCEL,BUY,1,93,2018-08-30T05:01:13.620,2018-08-30T05:01:13.625
choice-moving,Surfer11@bmm,4849,324,6656,6656,648,NULL,1314010,1314010,1314010,1314062,LIMIT,BUY,1,95,2018-08-30T05:01:13.896,2018-08-30T05:01:48.147
choice-moving,Surfer12@bmm,4850,324,6656,6656,649,NULL,1314011,1314011,1314011,1314091,LIMIT,SELL,1,100,2018-08-30T05:01:14.208,2018-08-30T05:02:20.997
choice-moving,Surfer6@bmm,4844,324,6656,6656,649,NULL,1314012,1313955,1313955,1313955,CANCEL,BUY,1,93,2018-08-30T05:01:14.553,2018-08-30T05:01:14.558
choice-moving,Surfer10@bmm,4848,324,6656,6656,649,NULL,1314013,1314013,1314013,1314021,LIMIT,BUY,1,98,2018-08-30T05:01:14.725,2018-08-30T05:01:20.587
choice-moving,Surfer8@bmm,4846,324,6656,6656,649,NULL,1314014,1314014,1314014,0,LIMIT,SELL,1,97,2018-08-30T05:01:15.674,2018-08-30T05:01:15.683
choice-moving,Surfer8@bmm,4846,324,6656,6656,649,NULL,1314015,1314014,1314014,1314004,LIMIT,SELL,1,98,2018-08-30T05:01:15.680,2018-08-30T05:01:15.684
choice-moving,Surfer6@bmm,4844,324,6656,6656,649,NULL,1314016,1314016,1314016,1314049,LIMIT,BUY,1,98,2018-08-30T05:01:17.783,2018-08-30T05:01:41.024
choice-moving,Surfer2@bmm,4840,324,6656,6656,647,NULL,1314017,1314017,1314017,1313980,LIMIT,BUY,1,100,2018-08-30T05:01:18.099,2018-08-30T05:01:18.105
choice-moving,Surfer4@bmm,4842,324,6656,6656,649,NULL,1314018,1313983,1313983,1313983,CANCEL,BUY,1,94,2018-08-30T05:01:18.441,2018-08-30T05:01:18.447
choice-moving,Surfer6@bmm,4844,324,6656,6656,649,NULL,1314019,1314019,1314019,1314122,LIMIT,BUY,1,98,2018-08-30T05:01:18.537,2018-08-30T05:03:00.951
choice-moving,Surfer6@bmm,4844,324,6656,6656,649,NULL,1314020,1314020,1314020,1314096,LIMIT,BUY,1,98,2018-08-30T05:01:18.815,2018-08-30T05:02:29.959
choice-moving,Surfer10@bmm,4848,324,6656,6656,649,NULL,1314021,1314013,1314013,1314013,CANCEL,BUY,1,98,2018-08-30T05:01:20.582,2018-08-30T05:01:20.587
choice-moving,Surfer11@bmm,4849,324,6656,6656,647,NULL,1314022,1313993,1313993,1313993,CANCEL,BUY,1,95,2018-08-30T05:01:21.333,2018-08-30T05:01:21.339
choice-moving,Surfer4@bmm,4842,324,6656,6656,648,NULL,1314023,1313995,1313995,1313995,CANCEL,BUY,1,94,2018-08-30T05:01:22.374,2018-08-30T05:01:22.379
choice-moving,Surfer1@bmm,4839,324,6656,6656,648,NULL,1314024,1313872,1313872,1313872,CANCEL,BUY,1,62,2018-08-30T05:01:22.536,2018-08-30T05:01:22.541
choice-moving,Surfer15@bmm,4853,324,6656,6656,648,NULL,1314025,1313935,1313935,1313935,CANCEL,SELL,1,100,2018-08-30T05:01:25.591,2018-08-30T05:01:25.597
choice-moving,Surfer4@bmm,4842,324,6656,6656,648,NULL,1314026,1314026,1314026,1314039,LIMIT,BUY,1,96,2018-08-30T05:01:25.655,2018-08-30T05:01:34.448
choice-moving,Surfer8@bmm,4846,324,6656,6656,649,NULL,1314027,1314027,1314027,0,LIMIT,SELL,1,97,2018-08-30T05:01:26.084,2018-08-30T05:01:26.093
choice-moving,Surfer8@bmm,4846,324,6656,6656,649,NULL,1314028,1314027,1314027,1314005,LIMIT,SELL,1,98,2018-08-30T05:01:26.089,2018-08-30T05:01:26.093
choice-moving,Surfer1@bmm,4839,324,6656,6656,649,NULL,1314029,1313861,1313861,1313861,CANCEL,BUY,1,57,2018-08-30T05:01:28.345,2018-08-30T05:01:28.350
choice-moving,Surfer1@bmm,4839,324,6656,6656,649,NULL,1314030,1313858,1313858,1313858,CANCEL,BUY,1,41,2018-08-30T05:01:29.641,2018-08-30T05:01:29.646
choice-moving,Surfer1@bmm,4839,324,6656,6656,649,NULL,1314031,1313910,1313910,1313910,CANCEL,BUY,1,61,2018-08-30T05:01:30.417,2018-08-30T05:01:30.422
choice-moving,Surfer13@bmm,4851,324,6656,6656,647,NULL,1314032,1314032,1314032,NULL,LIMIT,BUY,1,17,2018-08-30T05:01:30.460,2018-08-30T05:01:30.463
choice-moving,Surfer1@bmm,4839,324,6656,6656,649,NULL,1314033,1313928,1313928,1313928,CANCEL,BUY,1,84,2018-08-30T05:01:31.378,2018-08-30T05:01:31.385
choice-moving,Surfer4@bmm,4842,324,6656,6656,646,NULL,1314034,1314034,1314034,1314055,LIMIT,BUY,1,91,2018-08-30T05:01:31.918,2018-08-30T05:01:45.206
choice-moving,Surfer19@bmm,4857,324,6656,6656,648,NULL,1314035,1313909,1313909,1313909,CANCEL,BUY,1,70,2018-08-30T05:01:31.924,2018-08-30T05:01:31.930
choice-moving,Surfer10@bmm,4848,324,6656,6656,648,NULL,1314036,1314036,1314036,1314044,LIMIT,BUY,1,98,2018-08-30T05:01:33.226,2018-08-30T05:01:37.794
choice-moving,Surfer11@bmm,4849,324,6656,6656,649,NULL,1314037,1313942,1313942,1313942,CANCEL,BUY,1,87,2018-08-30T05:01:33.324,2018-08-30T05:01:33.329
choice-moving,Surfer12@bmm,4850,324,6656,6656,647,NULL,1314038,1314038,1314038,NULL,LIMIT,BUY,1,97,2018-08-30T05:01:33.383,2018-08-30T05:01:33.386
choice-moving,Surfer4@bmm,4842,324,6656,6656,648,NULL,1314039,1314026,1314026,1314026,CANCEL,BUY,1,96,2018-08-30T05:01:34.442,2018-08-30T05:01:34.448
choice-moving,Surfer16@bmm,4854,324,6656,6656,649,NULL,1314040,1313915,1313915,1313915,CANCEL,BUY,3,79,2018-08-30T05:01:34.858,2018-08-30T05:01:34.863
choice-moving,Surfer11@bmm,4849,324,6656,6656,647,NULL,1314041,1314041,1314041,1314085,LIMIT,BUY,1,97,2018-08-30T05:01:36.670,2018-08-30T05:02:16.210
choice-moving,Surfer16@bmm,4854,324,6656,6656,646,NULL,1314042,1314042,1314042,1314066,LIMIT,BUY,2,93,2018-08-30T05:01:36.681,2018-08-30T05:01:52.826
choice-moving,Surfer6@bmm,4844,324,6656,6656,646,NULL,1314043,1313876,1313876,1313876,CANCEL,BUY,1,90,2018-08-30T05:01:36.904,2018-08-30T05:01:36.909
choice-moving,Surfer15@bmm,4853,324,6656,6656,648,NULL,1314044,1314044,1314044,1314036,LIMIT,SELL,1,98,2018-08-30T05:01:37.787,2018-08-30T05:01:37.794
choice-moving,Surfer11@bmm,4849,324,6656,6656,646,NULL,1314045,1313844,1313844,1313844,CANCEL,BUY,1,85,2018-08-30T05:01:38.858,2018-08-30T05:01:38.863
choice-moving,Surfer6@bmm,4844,324,6656,6656,646,NULL,1314046,1313875,1313875,1313875,CANCEL,BUY,1,90,2018-08-30T05:01:38.951,2018-08-30T05:01:38.957
choice-moving,Surfer1@bmm,4839,324,6656,6656,648,NULL,1314047,1314047,1314047,1314181,LIMIT,BUY,1,94,2018-08-30T05:01:39.448,2018-08-30T05:04:20.342
choice-moving,Surfer8@bmm,4846,324,6656,6656,649,NULL,1314048,1314048,1314048,0,LIMIT,SELL,1,97,2018-08-30T05:01:41.015,2018-08-30T05:01:41.024
choice-moving,Surfer8@bmm,4846,324,6656,6656,649,NULL,1314049,1314048,1314048,1314016,LIMIT,SELL,1,98,2018-08-30T05:01:41.020,2018-08-30T05:01:41.024
choice-moving,Surfer16@bmm,4854,324,6656,6656,649,NULL,1314050,1313999,1313999,1313999,CANCEL,BUY,2,96,2018-08-30T05:01:41.518,2018-08-30T05:01:41.528
choice-moving,Surfer4@bmm,4842,324,6656,6656,648,NULL,1314051,1314051,1314051,1314101,LIMIT,BUY,1,96,2018-08-30T05:01:42.153,2018-08-30T05:02:36.379
choice-moving,Surfer10@bmm,4848,324,6656,6656,646,NULL,1314052,1314052,1314052,1314072,LIMIT,BUY,1,94,2018-08-30T05:01:43.508,2018-08-30T05:01:59.698
choice-moving,Surfer6@bmm,4844,324,6656,6656,648,NULL,1314053,1314053,1314053,1314070,LIMIT,BUY,1,98,2018-08-30T05:01:44.235,2018-08-30T05:01:57.671
choice-moving,Surfer6@bmm,4844,324,6656,6656,648,NULL,1314054,1314054,1314054,1314090,LIMIT,BUY,1,98,2018-08-30T05:01:44.496,2018-08-30T05:02:19.985
choice-moving,Surfer4@bmm,4842,324,6656,6656,646,NULL,1314055,1314034,1314034,1314034,CANCEL,BUY,1,91,2018-08-30T05:01:45.201,2018-08-30T05:01:45.206
choice-moving,Surfer11@bmm,4849,324,6656,6656,646,NULL,1314056,1314056,1314056,1314060,LIMIT,BUY,1,95,2018-08-30T05:01:45.982,2018-08-30T05:01:46.994
choice-moving,Surfer19@bmm,4857,324,6656,6656,648,NULL,1314057,1314057,1314057,1314147,LIMIT,BUY,1,95,2018-08-30T05:01:46.288,2018-08-30T05:03:24.961
choice-moving,Surfer12@bmm,4850,324,6656,6656,646,NULL,1314058,1314058,1314058,1314117,LIMIT,BUY,1,95,2018-08-30T05:01:46.680,2018-08-30T05:02:55.238
choice-moving,Surfer13@bmm,4851,324,6656,6656,646,NULL,1314059,1314059,1314059,0,LIMIT,SELL,1,55,2018-08-30T05:01:46.985,2018-08-30T05:01:46.994
choice-moving,Surfer13@bmm,4851,324,6656,6656,646,NULL,1314060,1314059,1314059,1314056,LIMIT,SELL,1,95,2018-08-30T05:01:46.991,2018-08-30T05:01:46.995
choice-moving,Surfer16@bmm,4854,324,6656,6656,647,NULL,1314061,1314061,1314061,1314110,LIMIT,BUY,1,98,2018-08-30T05:01:47.735,2018-08-30T05:02:48.861
choice-moving,Surfer11@bmm,4849,324,6656,6656,648,NULL,1314062,1314010,1314010,1314010,CANCEL,BUY,1,95,2018-08-30T05:01:48.140,2018-08-30T05:01:48.146
choice-moving,Surfer4@bmm,4842,324,6656,6656,646,NULL,1314063,1314063,1314063,1314081,LIMIT,BUY,1,96,2018-08-30T05:01:49.642,2018-08-30T05:02:08.742
choice-moving,Surfer7@bmm,4845,324,6656,6656,646,NULL,1314064,1314064,1314064,1314076,LIMIT,SELL,1,100,2018-08-30T05:01:51.121,2018-08-30T05:02:04.912
choice-moving,Surfer10@bmm,4848,324,6656,6656,646,NULL,1314065,1313834,1313834,1313834,CANCEL,BUY,1,84,2018-08-30T05:01:52.743,2018-08-30T05:01:52.749
choice-moving,Surfer16@bmm,4854,324,6656,6656,646,NULL,1314066,1314042,1314042,1314042,CANCEL,BUY,2,93,2018-08-30T05:01:52.821,2018-08-30T05:01:52.826
choice-moving,Surfer1@bmm,4839,324,6656,6656,646,NULL,1314067,1314067,1314067,1314174,LIMIT,BUY,1,96,2018-08-30T05:01:53.111,2018-08-30T05:04:15.594
choice-moving,Surfer10@bmm,4848,324,6656,6656,646,NULL,1314068,1314068,1314068,1314178,LIMIT,BUY,1,98,2018-08-30T05:01:57.319,2018-08-30T05:04:18.756
choice-moving,Surfer13@bmm,4851,324,6656,6656,648,NULL,1314069,1314069,1314069,0,LIMIT,SELL,1,80,2018-08-30T05:01:57.660,2018-08-30T05:01:57.670
choice-moving,Surfer13@bmm,4851,324,6656,6656,648,NULL,1314070,1314069,1314069,1314053,LIMIT,SELL,1,98,2018-08-30T05:01:57.666,2018-08-30T05:01:57.671
choice-moving,Surfer4@bmm,4842,324,6656,6656,647,NULL,1314071,1314001,1314001,1314001,CANCEL,BUY,1,96,2018-08-30T05:01:59.527,2018-08-30T05:01:59.532
choice-moving,Surfer10@bmm,4848,324,6656,6656,646,NULL,1314072,1314052,1314052,1314052,CANCEL,BUY,1,94,2018-08-30T05:01:59.692,2018-08-30T05:01:59.698
choice-moving,Surfer2@bmm,4840,324,6656,6656,646,NULL,1314073,1314073,1314073,1314077,LIMIT,SELL,1,100,2018-08-30T05:01:59.899,2018-08-30T05:02:05.692
choice-moving,Surfer16@bmm,4854,324,6656,6656,646,NULL,1314074,1314074,1314074,1314198,LIMIT,BUY,1,98,2018-08-30T05:02:01.479,2018-08-30T05:05:00.180
choice-moving,Surfer11@bmm,4849,324,6656,6656,646,NULL,1314075,1314075,1314075,1314092,LIMIT,BUY,1,97,2018-08-30T05:02:02.127,2018-08-30T05:02:21.624
choice-moving,Surfer2@bmm,4840,324,6656,6656,646,NULL,1314076,1314076,1314076,1314064,LIMIT,BUY,1,100,2018-08-30T05:02:04.905,2018-08-30T05:02:04.912
choice-moving,Surfer2@bmm,4840,324,6656,6656,646,NULL,1314077,1314077,1314077,1314073,LIMIT,BUY,1,100,2018-08-30T05:02:05.683,2018-08-30T05:02:05.692
choice-moving,Surfer4@bmm,4842,324,6656,6656,647,NULL,1314078,1314078,1314078,1314132,LIMIT,BUY,1,99,2018-08-30T05:02:06.463,2018-08-30T05:03:11.436
choice-moving,Surfer10@bmm,4848,324,6656,6656,648,NULL,1314079,1313958,1313958,1313958,CANCEL,BUY,1,84,2018-08-30T05:02:06.706,2018-08-30T05:02:06.712
choice-moving,Surfer13@bmm,4851,324,6656,6656,649,NULL,1314080,1314080,1314080,NULL,LIMIT,BUY,1,2,2018-08-30T05:02:08.283,2018-08-30T05:02:08.285
choice-moving,Surfer4@bmm,4842,324,6656,6656,646,NULL,1314081,1314063,1314063,1314063,CANCEL,BUY,1,96,2018-08-30T05:02:08.736,2018-08-30T05:02:08.742
choice-moving,Surfer18@bmm,4856,324,6656,6656,647,NULL,1314082,1314082,1314082,1314125,LIMIT,SELL,1,100,2018-08-30T05:02:10.186,2018-08-30T05:03:04.956
choice-moving,Surfer11@bmm,4849,324,6656,6656,648,NULL,1314083,1314083,1314083,1314089,LIMIT,BUY,1,97,2018-08-30T05:02:10.933,2018-08-30T05:02:19.282
choice-moving,Surfer15@bmm,4853,324,6656,6656,646,NULL,1314084,1314084,1314084,1314098,LIMIT,SELL,1,100,2018-08-30T05:02:12.049,2018-08-30T05:02:31.612
choice-moving,Surfer11@bmm,4849,324,6656,6656,647,NULL,1314085,1314041,1314041,1314041,CANCEL,BUY,1,97,2018-08-30T05:02:16.204,2018-08-30T05:02:16.210
choice-moving,Surfer10@bmm,4848,324,6656,6656,648,NULL,1314086,1314086,1314086,1314094,LIMIT,BUY,1,99,2018-08-30T05:02:17.589,2018-08-30T05:02:24.403
choice-moving,Surfer19@bmm,4857,324,6656,6656,646,NULL,1314087,1314087,1314087,1314161,LIMIT,BUY,1,98,2018-08-30T05:02:17.698,2018-08-30T05:03:40.007
choice-moving,Surfer4@bmm,4842,324,6656,6656,646,NULL,1314088,1314088,1314088,1314118,LIMIT,BUY,1,99,2018-08-30T05:02:17.977,2018-08-30T05:02:57.289
choice-moving,Surfer11@bmm,4849,324,6656,6656,648,NULL,1314089,1314083,1314083,1314083,CANCEL,BUY,1,97,2018-08-30T05:02:19.276,2018-08-30T05:02:19.282
choice-moving,Surfer6@bmm,4844,324,6656,6656,648,NULL,1314090,1314054,1314054,1314054,CANCEL,BUY,1,98,2018-08-30T05:02:19.979,2018-08-30T05:02:19.985
choice-moving,Surfer6@bmm,4844,324,6656,6656,649,NULL,1314091,1314091,1314091,1314011,LIMIT,BUY,1,100,2018-08-30T05:02:20.990,2018-08-30T05:02:20.997
choice-moving,Surfer11@bmm,4849,324,6656,6656,646,NULL,1314092,1314075,1314075,1314075,CANCEL,BUY,1,97,2018-08-30T05:02:21.619,2018-08-30T05:02:21.624
choice-moving,Surfer13@bmm,4851,324,6656,6656,648,NULL,1314093,1314093,1314093,0,LIMIT,SELL,1,51,2018-08-30T05:02:24.394,2018-08-30T05:02:24.403
choice-moving,Surfer13@bmm,4851,324,6656,6656,648,NULL,1314094,1314093,1314093,1314086,LIMIT,SELL,1,99,2018-08-30T05:02:24.399,2018-08-30T05:02:24.403
choice-moving,Surfer18@bmm,4856,324,6656,6656,649,NULL,1314095,1314095,1314095,NULL,LIMIT,SELL,1,100,2018-08-30T05:02:27.679,2018-08-30T05:02:27.681
choice-moving,Surfer6@bmm,4844,324,6656,6656,649,NULL,1314096,1314020,1314020,1314020,CANCEL,BUY,1,98,2018-08-30T05:02:29.953,2018-08-30T05:02:29.959
choice-moving,Surfer14@bmm,4852,324,6656,6656,649,NULL,1314097,1314097,1314097,NULL,LIMIT,BUY,1,99,2018-08-30T05:02:31.495,2018-08-30T05:02:31.499
choice-moving,Surfer6@bmm,4844,324,6656,6656,646,NULL,1314098,1314098,1314098,1314084,LIMIT,BUY,1,100,2018-08-30T05:02:31.605,2018-08-30T05:02:31.612
choice-moving,Surfer14@bmm,4852,324,6656,6656,649,NULL,1314099,1314099,1314099,1314124,LIMIT,BUY,1,99,2018-08-30T05:02:31.755,2018-08-30T05:03:04.372
choice-moving,Surfer13@bmm,4851,324,6656,6656,647,NULL,1314100,1314100,1314100,NULL,LIMIT,BUY,1,6,2018-08-30T05:02:33.702,2018-08-30T05:02:33.705
choice-moving,Surfer7@bmm,4845,324,6656,6656,648,NULL,1314101,1314101,1314101,1314051,LIMIT,SELL,1,96,2018-08-30T05:02:36.373,2018-08-30T05:02:36.379
choice-moving,Surfer14@bmm,4852,324,6656,6656,648,NULL,1314102,1314102,1314102,1314107,LIMIT,BUY,1,99,2018-08-30T05:02:38.145,2018-08-30T05:02:42.922
choice-moving,Surfer5@bmm,4843,324,6656,6656,647,NULL,1314103,1314103,1314103,1314105,LIMIT,BUY,1,6,2018-08-30T05:02:38.431,2018-08-30T05:02:41.238
choice-moving,Surfer14@bmm,4852,324,6656,6656,648,NULL,1314104,1314104,1314104,1314111,LIMIT,BUY,1,99,2018-08-30T05:02:39.435,2018-08-30T05:02:49.945
choice-moving,Surfer5@bmm,4843,324,6656,6656,647,NULL,1314105,1314103,1314103,1314103,CANCEL,BUY,1,6,2018-08-30T05:02:41.232,2018-08-30T05:02:41.238
choice-moving,Surfer12@bmm,4850,324,6656,6656,646,NULL,1314106,1314106,1314106,1314114,LIMIT,BUY,1,100,2018-08-30T05:02:41.723,2018-08-30T05:02:50.273
choice-moving,Surfer7@bmm,4845,324,6656,6656,648,NULL,1314107,1314107,1314107,1314102,LIMIT,SELL,1,99,2018-08-30T05:02:42.915,2018-08-30T05:02:42.922
choice-moving,Surfer19@bmm,4857,324,6656,6656,646,NULL,1314108,1313996,1313996,1313996,CANCEL,BUY,1,85,2018-08-30T05:02:43.718,2018-08-30T05:02:43.725
choice-moving,Surfer11@bmm,4849,324,6656,6656,648,NULL,1314109,1314109,1314109,1314135,LIMIT,BUY,1,96,2018-08-30T05:02:43.864,2018-08-30T05:03:14.846
choice-moving,Surfer16@bmm,4854,324,6656,6656,647,NULL,1314110,1314061,1314061,1314061,CANCEL,BUY,1,98,2018-08-30T05:02:48.854,2018-08-30T05:02:48.861
choice-moving,Surfer7@bmm,4845,324,6656,6656,648,NULL,1314111,1314111,1314111,1314104,LIMIT,SELL,1,99,2018-08-30T05:02:49.938,2018-08-30T05:02:49.944
choice-moving,Surfer5@bmm,4843,324,6656,6656,648,NULL,1314112,1314112,1314112,1314116,LIMIT,SELL,1,99,2018-08-30T05:02:50.192,2018-08-30T05:02:53.004
choice-moving,Surfer13@bmm,4851,324,6656,6656,646,NULL,1314113,1314113,1314113,0,LIMIT,SELL,1,65,2018-08-30T05:02:50.264,2018-08-30T05:02:50.273
choice-moving,Surfer13@bmm,4851,324,6656,6656,646,NULL,1314114,1314113,1314113,1314106,LIMIT,SELL,1,100,2018-08-30T05:02:50.269,2018-08-30T05:02:50.273
choice-moving,Surfer15@bmm,4853,324,6656,6656,646,NULL,1314115,1314115,1314115,1314120,LIMIT,SELL,1,100,2018-08-30T05:02:52.287,2018-08-30T05:03:00.335
choice-moving,Surfer5@bmm,4843,324,6656,6656,648,NULL,1314116,1314112,1314112,1314112,CANCEL,SELL,1,99,2018-08-30T05:02:52.998,2018-08-30T05:02:53.004
choice-moving,Surfer12@bmm,4850,324,6656,6656,646,NULL,1314117,1314058,1314058,1314058,CANCEL,BUY,1,95,2018-08-30T05:02:55.232,2018-08-30T05:02:55.238
choice-moving,Surfer5@bmm,4843,324,6656,6656,646,NULL,1314118,1314118,1314118,1314088,LIMIT,SELL,1,99,2018-08-30T05:02:57.283,2018-08-30T05:02:57.289
choice-moving,Surfer16@bmm,4854,324,6656,6656,649,NULL,1314119,1314119,1314119,1314191,LIMIT,BUY,1,99,2018-08-30T05:02:58.557,2018-08-30T05:04:46.298
choice-moving,Surfer2@bmm,4840,324,6656,6656,646,NULL,1314120,1314120,1314120,1314115,LIMIT,BUY,1,100,2018-08-30T05:03:00.324,2018-08-30T05:03:00.334
choice-moving,Surfer7@bmm,4845,324,6656,6656,646,NULL,1314121,1314121,1314121,1314126,LIMIT,SELL,1,99,2018-08-30T05:03:00.727,2018-08-30T05:03:05.334
choice-moving,Surfer6@bmm,4844,324,6656,6656,649,NULL,1314122,1314019,1314019,1314019,CANCEL,BUY,1,98,2018-08-30T05:03:00.945,2018-08-30T05:03:00.951
choice-moving,Surfer6@bmm,4844,324,6656,6656,648,NULL,1314123,1314123,1314123,1314128,LIMIT,BUY,1,99,2018-08-30T05:03:04.269,2018-08-30T05:03:06.583
choice-moving,Surfer14@bmm,4852,324,6656,6656,649,NULL,1314124,1314099,1314099,1314099,CANCEL,BUY,1,99,2018-08-30T05:03:04.366,2018-08-30T05:03:04.372
choice-moving,Surfer15@bmm,4853,324,6656,6656,647,NULL,1314125,1314125,1314125,1314082,LIMIT,BUY,1,100,2018-08-30T05:03:04.948,2018-08-30T05:03:04.955
choice-moving,Surfer2@bmm,4840,324,6656,6656,646,NULL,1314126,1314126,1314126,1314121,LIMIT,BUY,1,99,2018-08-30T05:03:05.327,2018-08-30T05:03:05.334
choice-moving,Surfer13@bmm,4851,324,6656,6656,648,NULL,1314127,1314127,1314127,0,LIMIT,SELL,1,15,2018-08-30T05:03:06.574,2018-08-30T05:03:06.583
choice-moving,Surfer13@bmm,4851,324,6656,6656,648,NULL,1314128,1314127,1314127,1314123,LIMIT,SELL,1,99,2018-08-30T05:03:06.579,2018-08-30T05:03:06.584
choice-moving,Surfer16@bmm,4854,324,6656,6656,648,NULL,1314129,1314129,1314129,1314157,LIMIT,BUY,1,97,2018-08-30T05:03:07.785,2018-08-30T05:03:32.248
choice-moving,Surfer19@bmm,4857,324,6656,6656,649,NULL,1314130,1313934,1313934,1313934,CANCEL,BUY,1,85,2018-08-30T05:03:08.820,2018-08-30T05:03:08.826
choice-moving,Surfer3@bmm,4841,324,6656,6656,646,NULL,1314131,1314131,1314131,1314168,LIMIT,BUY,1,99,2018-08-30T05:03:10.142,2018-08-30T05:03:51.571
choice-moving,Surfer4@bmm,4842,324,6656,6656,647,NULL,1314132,1314078,1314078,1314078,CANCEL,BUY,1,99,2018-08-30T05:03:11.431,2018-08-30T05:03:11.436
choice-moving,Surfer6@bmm,4844,324,6656,6656,649,NULL,1314133,1314133,1314133,1314146,LIMIT,SELL,1,100,2018-08-30T05:03:13.337,2018-08-30T05:03:24.551
choice-moving,Surfer11@bmm,4849,324,6656,6656,647,NULL,1314134,1314134,1314134,1314138,LIMIT,BUY,1,99,2018-08-30T05:03:13.522,2018-08-30T05:03:17.164
choice-moving,Surfer11@bmm,4849,324,6656,6656,648,NULL,1314135,1314109,1314109,1314109,CANCEL,BUY,1,96,2018-08-30T05:03:14.840,2018-08-30T05:03:14.845
choice-moving,Surfer4@bmm,4842,324,6656,6656,648,NULL,1314136,1314136,1314136,1314149,LIMIT,BUY,1,98,2018-08-30T05:03:15.961,2018-08-30T05:03:26.821
choice-moving,Surfer16@bmm,4854,324,6656,6656,648,NULL,1314137,1314137,1314137,1314151,LIMIT,BUY,2,97,2018-08-30T05:03:16.736,2018-08-30T05:03:28.709
choice-moving,Surfer11@bmm,4849,324,6656,6656,647,NULL,1314138,1314134,1314134,1314134,CANCEL,BUY,1,99,2018-08-30T05:03:17.157,2018-08-30T05:03:17.164
choice-moving,Surfer10@bmm,4848,324,6656,6656,646,NULL,1314139,1314139,1314139,1314182,LIMIT,BUY,1,99,2018-08-30T05:03:17.679,2018-08-30T05:04:21.895
choice-moving,Surfer14@bmm,4852,324,6656,6656,648,NULL,1314140,1314140,1314140,1314150,LIMIT,BUY,1,99,2018-08-30T05:03:19.594,2018-08-30T05:03:28.220
choice-moving,Surfer11@bmm,4849,324,6656,6656,647,NULL,1314141,1314141,1314141,1314250,LIMIT,BUY,1,98,2018-08-30T05:03:20.470,2018-08-30T05:06:02.917
choice-moving,Surfer13@bmm,4851,324,6656,6656,649,NULL,1314142,1314142,1314142,NULL,LIMIT,BUY,1,1,2018-08-30T05:03:21.102,2018-08-30T05:03:21.105
choice-moving,Surfer3@bmm,4841,324,6656,6656,648,NULL,1314143,1314143,1314143,1314164,LIMIT,BUY,1,99,2018-08-30T05:03:21.233,2018-08-30T05:03:41.044
choice-moving,Surfer1@bmm,4839,324,6656,6656,648,NULL,1314144,1314144,1314144,1314179,LIMIT,BUY,1,97,2018-08-30T05:03:23.469,2018-08-30T05:04:19.125
choice-moving,Surfer11@bmm,4849,324,6656,6656,648,NULL,1314145,1314145,1314145,1314186,LIMIT,BUY,1,99,2018-08-30T05:03:24.367,2018-08-30T05:04:30.566
choice-moving,Surfer6@bmm,4844,324,6656,6656,649,NULL,1314146,1314133,1314133,1314133,CANCEL,SELL,1,100,2018-08-30T05:03:24.545,2018-08-30T05:03:24.551
choice-moving,Surfer19@bmm,4857,324,6656,6656,648,NULL,1314147,1314057,1314057,1314057,CANCEL,BUY,1,95,2018-08-30T05:03:24.956,2018-08-30T05:03:24.961
choice-moving,Surfer15@bmm,4853,324,6656,6656,648,NULL,1314148,1314148,1314148,1314183,LIMIT,SELL,1,100,2018-08-30T05:03:26.242,2018-08-30T05:04:25.526
choice-moving,Surfer4@bmm,4842,324,6656,6656,648,NULL,1314149,1314136,1314136,1314136,CANCEL,BUY,1,98,2018-08-30T05:03:26.815,2018-08-30T05:03:26.821
choice-moving,Surfer5@bmm,4843,324,6656,6656,648,NULL,1314150,1314150,1314150,1314140,LIMIT,SELL,1,99,2018-08-30T05:03:28.211,2018-08-30T05:03:28.219
choice-moving,Surfer16@bmm,4854,324,6656,6656,648,NULL,1314151,1314137,1314137,1314137,CANCEL,BUY,2,97,2018-08-30T05:03:28.702,2018-08-30T05:03:28.708
choice-moving,Surfer16@bmm,4854,324,6656,6656,647,NULL,1314152,1314152,1314152,1314173,LIMIT,BUY,1,99,2018-08-30T05:03:29.886,2018-08-30T05:04:14.187
choice-moving,Surfer4@bmm,4842,324,6656,6656,647,NULL,1314153,1314153,1314153,1314156,LIMIT,BUY,1,97,2018-08-30T05:03:30.888,2018-08-30T05:03:32.196
choice-moving,Surfer13@bmm,4851,324,6656,6656,647,NULL,1314154,1314154,1314154,NULL,LIMIT,BUY,1,1,2018-08-30T05:03:31.035,2018-08-30T05:03:31.038
choice-moving,Surfer3@bmm,4841,324,6656,6656,646,NULL,1314155,1313831,1313831,1313831,CANCEL,BUY,1,77,2018-08-30T05:03:31.102,2018-08-30T05:03:31.107
choice-moving,Surfer4@bmm,4842,324,6656,6656,647,NULL,1314156,1314153,1314153,1314153,CANCEL,BUY,1,97,2018-08-30T05:03:32.190,2018-08-30T05:03:32.196
choice-moving,Surfer16@bmm,4854,324,6656,6656,648,NULL,1314157,1314129,1314129,1314129,CANCEL,BUY,1,97,2018-08-30T05:03:32.243,2018-08-30T05:03:32.248
choice-moving,Surfer3@bmm,4841,324,6656,6656,649,NULL,1314158,1314007,1314007,1314007,CANCEL,BUY,1,97,2018-08-30T05:03:34.744,2018-08-30T05:03:34.749
choice-moving,Surfer2@bmm,4840,324,6656,6656,647,NULL,1314159,1314159,1314159,1314190,LIMIT,SELL,1,100,2018-08-30T05:03:38.050,2018-08-30T05:04:39.145
choice-moving,Surfer6@bmm,4844,324,6656,6656,647,NULL,1314160,1314160,1314160,1314234,LIMIT,SELL,1,100,2018-08-30T05:03:38.681,2018-08-30T05:05:39.218
choice-moving,Surfer19@bmm,4857,324,6656,6656,646,NULL,1314161,1314087,1314087,1314087,CANCEL,BUY,1,98,2018-08-30T05:03:40.001,2018-08-30T05:03:40.006
choice-moving,Surfer2@bmm,4840,324,6656,6656,647,NULL,1314162,1314162,1314162,1314235,LIMIT,SELL,1,100,2018-08-30T05:03:40.136,2018-08-30T05:05:39.224
choice-moving,Surfer2@bmm,4840,324,6656,6656,647,NULL,1314163,1314163,1314163,1314236,LIMIT,SELL,1,100,2018-08-30T05:03:40.886,2018-08-30T05:05:39.232
choice-moving,Surfer7@bmm,4845,324,6656,6656,648,NULL,1314164,1314164,1314164,1314143,LIMIT,SELL,1,99,2018-08-30T05:03:41.037,2018-08-30T05:03:41.044
choice-moving,Surfer2@bmm,4840,324,6656,6656,647,NULL,1314165,1314165,1314165,1314237,LIMIT,SELL,1,100,2018-08-30T05:03:41.121,2018-08-30T05:05:39.240
choice-moving,Surfer8@bmm,4846,324,6656,6656,649,NULL,1314166,1314166,1314166,1314222,LIMIT,BUY,1,5,2018-08-30T05:03:41.213,2018-08-30T05:05:26.181
choice-moving,Surfer2@bmm,4840,324,6656,6656,647,NULL,1314167,1314167,1314167,1314238,LIMIT,SELL,1,100,2018-08-30T05:03:41.357,2018-08-30T05:05:39.248
choice-moving,Surfer15@bmm,4853,324,6656,6656,646,NULL,1314168,1314168,1314168,1314131,LIMIT,SELL,1,99,2018-08-30T05:03:51.564,2018-08-30T05:03:51.570
choice-moving,Surfer4@bmm,4842,324,6656,6656,648,NULL,1314169,1314169,1314169,1314205,LIMIT,BUY,1,99,2018-08-30T05:03:55.080,2018-08-30T05:05:05.710
choice-moving,Surfer12@bmm,4850,324,6656,6656,647,NULL,1314170,1314170,1314170,NULL,LIMIT,BUY,1,90,2018-08-30T05:03:59.120,2018-08-30T05:03:59.123
choice-moving,Surfer12@bmm,4850,324,6656,6656,647,NULL,1314171,1314171,1314171,NULL,LIMIT,BUY,1,98,2018-08-30T05:04:06.324,2018-08-30T05:04:06.327
choice-moving,Surfer19@bmm,4857,324,6656,6656,646,NULL,1314172,1314172,1314172,1314176,LIMIT,BUY,1,99,2018-08-30T05:04:11.075,2018-08-30T05:04:17.782
choice-moving,Surfer15@bmm,4853,324,6656,6656,647,NULL,1314173,1314173,1314173,1314152,LIMIT,SELL,1,99,2018-08-30T05:04:14.180,2018-08-30T05:04:14.187
choice-moving,Surfer1@bmm,4839,324,6656,6656,646,NULL,1314174,1314067,1314067,1314067,CANCEL,BUY,1,96,2018-08-30T05:04:15.588,2018-08-30T05:04:15.594
choice-moving,Surfer1@bmm,4839,324,6656,6656,647,NULL,1314175,1313943,1313943,1313943,CANCEL,BUY,1,93,2018-08-30T05:04:16.869,2018-08-30T05:04:16.875
choice-moving,Surfer19@bmm,4857,324,6656,6656,646,NULL,1314176,1314172,1314172,1314172,CANCEL,BUY,1,99,2018-08-30T05:04:17.776,2018-08-30T05:04:17.781
choice-moving,Surfer1@bmm,4839,324,6656,6656,649,NULL,1314177,1313961,1313961,1313961,CANCEL,BUY,1,93,2018-08-30T05:04:17.833,2018-08-30T05:04:17.838
choice-moving,Surfer10@bmm,4848,324,6656,6656,646,NULL,1314178,1314068,1314068,1314068,CANCEL,BUY,1,98,2018-08-30T05:04:18.751,2018-08-30T05:04:18.756
choice-moving,Surfer1@bmm,4839,324,6656,6656,648,NULL,1314179,1314144,1314144,1314144,CANCEL,BUY,1,97,2018-08-30T05:04:19.119,2018-08-30T05:04:19.124
choice-moving,Surfer1@bmm,4839,324,6656,6656,648,NULL,1314180,1313984,1313984,1313984,CANCEL,BUY,1,92,2018-08-30T05:04:19.690,2018-08-30T05:04:19.695
choice-moving,Surfer1@bmm,4839,324,6656,6656,648,NULL,1314181,1314047,1314047,1314047,CANCEL,BUY,1,94,2018-08-30T05:04:20.336,2018-08-30T05:04:20.342
choice-moving,Surfer7@bmm,4845,324,6656,6656,646,NULL,1314182,1314182,1314182,1314139,LIMIT,SELL,1,99,2018-08-30T05:04:21.889,2018-08-30T05:04:21.895
choice-moving,Surfer15@bmm,4853,324,6656,6656,648,NULL,1314183,1314148,1314148,1314148,CANCEL,SELL,1,100,2018-08-30T05:04:25.520,2018-08-30T05:04:25.526
choice-moving,Surfer19@bmm,4857,324,6656,6656,646,NULL,1314184,1314184,1314184,1314195,LIMIT,BUY,1,99,2018-08-30T05:04:27.806,2018-08-30T05:04:51.378
choice-moving,Surfer12@bmm,4850,324,6656,6656,647,NULL,1314185,1314185,1314185,NULL,LIMIT,BUY,1,98,2018-08-30T05:04:28.182,2018-08-30T05:04:28.185
choice-moving,Surfer15@bmm,4853,324,6656,6656,648,NULL,1314186,1314186,1314186,1314145,LIMIT,SELL,1,99,2018-08-30T05:04:30.558,2018-08-30T05:04:30.565
choice-moving,Surfer19@bmm,4857,324,6656,6656,647,NULL,1314187,1314187,1314187,1314200,LIMIT,BUY,1,99,2018-08-30T05:04:38.339,2018-08-30T05:05:01.105
choice-moving,Surfer3@bmm,4841,324,6656,6656,647,NULL,1314188,1313860,1313860,1313860,CANCEL,BUY,1,85,2018-08-30T05:04:38.670,2018-08-30T05:04:38.677
choice-moving,Surfer1@bmm,4839,324,6656,6656,648,NULL,1314189,1314189,1314189,1314263,LIMIT,BUY,1,24,2018-08-30T05:04:38.957,2018-08-30T05:06:34.563
choice-moving,Surfer15@bmm,4853,324,6656,6656,647,NULL,1314190,1314190,1314190,1314159,LIMIT,BUY,1,100,2018-08-30T05:04:39.138,2018-08-30T05:04:39.145
choice-moving,Surfer16@bmm,4854,324,6656,6656,649,NULL,1314191,1314119,1314119,1314119,CANCEL,BUY,1,99,2018-08-30T05:04:46.291,2018-08-30T05:04:46.297
choice-moving,Surfer16@bmm,4854,324,6656,6656,647,NULL,1314192,1314192,1314192,1314227,LIMIT,BUY,1,99,2018-08-30T05:04:49.351,2018-08-30T05:05:30.891
choice-moving,Surfer1@bmm,4839,324,6656,6656,649,NULL,1314193,1314193,1314193,NULL,LIMIT,BUY,1,36,2018-08-30T05:04:49.505,2018-08-30T05:04:49.508
choice-moving,Surfer19@bmm,4857,324,6656,6656,647,NULL,1314194,1314194,1314194,1314199,LIMIT,BUY,1,99,2018-08-30T05:04:49.665,2018-08-30T05:05:00.262
choice-moving,Surfer15@bmm,4853,324,6656,6656,646,NULL,1314195,1314195,1314195,1314184,LIMIT,SELL,1,99,2018-08-30T05:04:51.370,2018-08-30T05:04:51.377
choice-moving,Surfer10@bmm,4848,324,6656,6656,649,NULL,1314196,1314196,1314196,1314265,LIMIT,BUY,1,90,2018-08-30T05:04:53.632,2018-08-30T05:06:38.614
choice-moving,Surfer1@bmm,4839,324,6656,6656,646,NULL,1314197,1314197,1314197,NULL,LIMIT,BUY,1,77,2018-08-30T05:04:58.853,2018-08-30T05:04:58.855
choice-moving,Surfer16@bmm,4854,324,6656,6656,646,NULL,1314198,1314074,1314074,1314074,CANCEL,BUY,1,98,2018-08-30T05:05:00.175,2018-08-30T05:05:00.180
choice-moving,Surfer19@bmm,4857,324,6656,6656,647,NULL,1314199,1314194,1314194,1314194,CANCEL,BUY,1,99,2018-08-30T05:05:00.256,2018-08-30T05:05:00.261
choice-moving,Surfer19@bmm,4857,324,6656,6656,647,NULL,1314200,1314187,1314187,1314187,CANCEL,BUY,1,99,2018-08-30T05:05:01.098,2018-08-30T05:05:01.105
choice-moving,Surfer16@bmm,4854,324,6656,6656,646,NULL,1314201,1314201,1314201,1314204,LIMIT,BUY,1,0,2018-08-30T05:05:01.883,2018-08-30T05:05:04.551
choice-moving,Surfer11@bmm,4849,324,6656,6656,649,NULL,1314202,1314202,1314202,1314267,LIMIT,BUY,1,99,2018-08-30T05:05:01.998,2018-08-30T05:06:42.018
choice-moving,Surfer8@bmm,4846,324,6656,6656,648,NULL,1314203,1314203,1314203,1314226,LIMIT,BUY,1,4,2018-08-30T05:05:04.104,2018-08-30T05:05:30.531
choice-moving,Surfer16@bmm,4854,324,6656,6656,646,NULL,1314204,1314201,1314201,1314201,CANCEL,BUY,1,0,2018-08-30T05:05:04.546,2018-08-30T05:05:04.551
choice-moving,Surfer4@bmm,4842,324,6656,6656,648,NULL,1314205,1314169,1314169,1314169,CANCEL,BUY,1,99,2018-08-30T05:05:05.703,2018-08-30T05:05:05.709
choice-moving,Surfer10@bmm,4848,324,6656,6656,646,NULL,1314206,1314206,1314206,1314268,LIMIT,BUY,1,87,2018-08-30T05:05:07.463,2018-08-30T05:06:42.237
choice-moving,Surfer4@bmm,4842,324,6656,6656,646,NULL,1314207,1314207,1314207,1314209,LIMIT,BUY,1,78,2018-08-30T05:05:08.524,2018-08-30T05:05:11.407
choice-moving,Surfer11@bmm,4849,324,6656,6656,648,NULL,1314208,1314208,1314208,1314229,LIMIT,BUY,1,51,2018-08-30T05:05:09.907,2018-08-30T05:05:34.222
choice-moving,Surfer4@bmm,4842,324,6656,6656,646,NULL,1314209,1314207,1314207,1314207,CANCEL,BUY,1,78,2018-08-30T05:05:11.401,2018-08-30T05:05:11.407
choice-moving,Surfer13@bmm,4851,324,6656,6656,648,NULL,1314210,1314210,1314210,NULL,LIMIT,BUY,1,4,2018-08-30T05:05:12.098,2018-08-30T05:05:12.101
choice-moving,Surfer3@bmm,4841,324,6656,6656,646,NULL,1314211,1314211,1314211,1314218,LIMIT,BUY,1,90,2018-08-30T05:05:12.363,2018-08-30T05:05:23.046
choice-moving,Surfer16@bmm,4854,324,6656,6656,646,NULL,1314212,1314212,1314212,NULL,LIMIT,BUY,1,88,2018-08-30T05:05:12.500,2018-08-30T05:05:12.503
choice-moving,Surfer4@bmm,4842,324,6656,6656,646,NULL,1314213,1314213,1314213,1314220,LIMIT,BUY,1,91,2018-08-30T05:05:15.140,2018-08-30T05:05:25.223
choice-moving,Surfer1@bmm,4839,324,6656,6656,648,NULL,1314214,1314214,1314214,1314270,LIMIT,BUY,1,57,2018-08-30T05:05:15.883,2018-08-30T05:06:52.121
choice-moving,Surfer1@bmm,4839,324,6656,6656,648,NULL,1314215,1314215,1314215,1314216,LIMIT,BUY,1,57,2018-08-30T05:05:16.629,2018-08-30T05:05:20.128
choice-moving,Surfer1@bmm,4839,324,6656,6656,648,NULL,1314216,1314215,1314215,1314215,CANCEL,BUY,1,57,2018-08-30T05:05:20.123,2018-08-30T05:05:20.128
choice-moving,Surfer3@bmm,4841,324,6656,6656,646,NULL,1314217,1314217,1314217,1314225,LIMIT,BUY,1,93,2018-08-30T05:05:20.999,2018-08-30T05:05:28.397
choice-moving,Surfer3@bmm,4841,324,6656,6656,646,NULL,1314218,1314211,1314211,1314211,CANCEL,BUY,1,90,2018-08-30T05:05:23.036,2018-08-30T05:05:23.046
choice-moving,Surfer11@bmm,4849,324,6656,6656,646,NULL,1314219,1314219,1314219,1314240,LIMIT,BUY,1,94,2018-08-30T05:05:24.012,2018-08-30T05:05:41.487
choice-moving,Surfer4@bmm,4842,324,6656,6656,646,NULL,1314220,1314213,1314213,1314213,CANCEL,BUY,1,91,2018-08-30T05:05:25.218,2018-08-30T05:05:25.223
choice-moving,Surfer10@bmm,4848,324,6656,6656,648,NULL,1314221,1314221,1314221,1314259,LIMIT,BUY,1,77,2018-08-30T05:05:25.636,2018-08-30T05:06:22.568
choice-moving,Surfer8@bmm,4846,324,6656,6656,649,NULL,1314222,1314166,1314166,1314166,CANCEL,BUY,1,5,2018-08-30T05:05:26.175,2018-08-30T05:05:26.181
choice-moving,Surfer4@bmm,4842,324,6656,6656,646,NULL,1314223,1314223,1314223,1314231,LIMIT,BUY,1,95,2018-08-30T05:05:26.762,2018-08-30T05:05:37.409
choice-moving,Surfer13@bmm,4851,324,6656,6656,649,NULL,1314224,1314224,1314224,NULL,LIMIT,BUY,1,1,2018-08-30T05:05:27.050,2018-08-30T05:05:27.053
choice-moving,Surfer3@bmm,4841,324,6656,6656,646,NULL,1314225,1314217,1314217,1314217,CANCEL,BUY,1,93,2018-08-30T05:05:28.391,2018-08-30T05:05:28.397
choice-moving,Surfer8@bmm,4846,324,6656,6656,648,NULL,1314226,1314203,1314203,1314203,CANCEL,BUY,1,4,2018-08-30T05:05:30.524,2018-08-30T05:05:30.530
choice-moving,Surfer16@bmm,4854,324,6656,6656,647,NULL,1314227,1314192,1314192,1314192,CANCEL,BUY,1,99,2018-08-30T05:05:30.884,2018-08-30T05:05:30.891
choice-moving,Surfer1@bmm,4839,324,6656,6656,648,NULL,1314228,1314228,1314228,1314241,LIMIT,BUY,1,80,2018-08-30T05:05:31.931,2018-08-30T05:05:42.483
choice-moving,Surfer11@bmm,4849,324,6656,6656,648,NULL,1314229,1314208,1314208,1314208,CANCEL,BUY,1,51,2018-08-30T05:05:34.216,2018-08-30T05:05:34.221
choice-moving,Surfer3@bmm,4841,324,6656,6656,646,NULL,1314230,1314230,1314230,NULL,LIMIT,BUY,1,99,2018-08-30T05:05:34.291,2018-08-30T05:05:34.294
choice-moving,Surfer4@bmm,4842,324,6656,6656,646,NULL,1314231,1314223,1314223,1314223,CANCEL,BUY,1,95,2018-08-30T05:05:37.403,2018-08-30T05:05:37.409
choice-moving,Surfer13@bmm,4851,324,6656,6656,647,NULL,1314232,1314232,1314232,NULL,LIMIT,BUY,1,6,2018-08-30T05:05:38.722,2018-08-30T05:05:38.727
choice-moving,Surfer2@bmm,4840,324,6656,6656,647,NULL,1314233,1314233,1314233,0,LIMIT,BUY,5,100,2018-08-30T05:05:39.204,2018-08-30T05:05:39.218
choice-moving,Surfer2@bmm,4840,324,6656,6656,647,NULL,1314234,1314233,1314233,1314160,LIMIT,BUY,1,100,2018-08-30T05:05:39.212,2018-08-30T05:05:39.218
choice-moving,Surfer2@bmm,4840,324,6656,6656,647,NULL,1314235,1314233,1314233,1314162,LIMIT,BUY,1,100,2018-08-30T05:05:39.215,2018-08-30T05:05:39.218
choice-moving,Surfer2@bmm,4840,324,6656,6656,647,NULL,1314236,1314233,1314233,1314163,LIMIT,BUY,1,100,2018-08-30T05:05:39.226,2018-08-30T05:05:39.229
choice-moving,Surfer2@bmm,4840,324,6656,6656,647,NULL,1314237,1314233,1314233,1314165,LIMIT,BUY,1,100,2018-08-30T05:05:39.235,2018-08-30T05:05:39.237
choice-moving,Surfer2@bmm,4840,324,6656,6656,647,NULL,1314238,1314233,1314233,1314167,LIMIT,BUY,1,100,2018-08-30T05:05:39.243,2018-08-30T05:05:39.245
choice-moving,Surfer8@bmm,4846,324,6656,6656,649,NULL,1314239,1314239,1314239,NULL,LIMIT,BUY,1,2,2018-08-30T05:05:41.293,2018-08-30T05:05:41.296
choice-moving,Surfer11@bmm,4849,324,6656,6656,646,NULL,1314240,1314219,1314219,1314219,CANCEL,BUY,1,94,2018-08-30T05:05:41.481,2018-08-30T05:05:41.486
choice-moving,Surfer15@bmm,4853,324,6656,6656,648,NULL,1314241,1314241,1314241,1314228,LIMIT,SELL,1,80,2018-08-30T05:05:42.477,2018-08-30T05:05:42.483
choice-moving,Surfer4@bmm,4842,324,6656,6656,648,NULL,1314242,1314242,1314242,1314244,LIMIT,BUY,1,78,2018-08-30T05:05:48.974,2018-08-30T05:05:53.389
choice-moving,Surfer11@bmm,4849,324,6656,6656,648,NULL,1314243,1314243,1314243,1314245,LIMIT,BUY,1,98,2018-08-30T05:05:50.265,2018-08-30T05:05:55.324
choice-moving,Surfer4@bmm,4842,324,6656,6656,648,NULL,1314244,1314242,1314242,1314242,CANCEL,BUY,1,78,2018-08-30T05:05:53.384,2018-08-30T05:05:53.389
choice-moving,Surfer11@bmm,4849,324,6656,6656,648,NULL,1314245,1314243,1314243,1314243,CANCEL,BUY,1,98,2018-08-30T05:05:55.318,2018-08-30T05:05:55.324
choice-moving,Surfer12@bmm,4850,324,6656,6656,648,NULL,1314246,1314246,1314246,NULL,LIMIT,BUY,1,80,2018-08-30T05:05:55.861,2018-08-30T05:05:55.864
choice-moving,Surfer4@bmm,4842,324,6656,6656,648,NULL,1314247,1314247,1314247,1314251,LIMIT,BUY,1,89,2018-08-30T05:05:59.042,2018-08-30T05:06:04.623
choice-moving,Surfer12@bmm,4850,324,6656,6656,648,NULL,1314248,1314248,1314248,NULL,LIMIT,BUY,1,85,2018-08-30T05:06:02.056,2018-08-30T05:06:02.058
choice-moving,Surfer11@bmm,4849,324,6656,6656,648,NULL,1314249,1314249,1314249,1314255,LIMIT,BUY,1,90,2018-08-30T05:06:02.131,2018-08-30T05:06:13.670
choice-moving,Surfer15@bmm,4853,324,6656,6656,647,NULL,1314250,1314250,1314250,1314141,LIMIT,SELL,1,98,2018-08-30T05:06:02.908,2018-08-30T05:06:02.916
choice-moving,Surfer4@bmm,4842,324,6656,6656,648,NULL,1314251,1314247,1314247,1314247,CANCEL,BUY,1,89,2018-08-30T05:06:04.617,2018-08-30T05:06:04.622
choice-moving,Surfer4@bmm,4842,324,6656,6656,648,NULL,1314252,1314252,1314252,1314256,LIMIT,BUY,1,91,2018-08-30T05:06:06.292,2018-08-30T05:06:14.549
choice-moving,Surfer6@bmm,4844,324,6656,6656,648,NULL,1314253,1314253,1314253,NULL,LIMIT,BUY,1,99,2018-08-30T05:06:10.258,2018-08-30T05:06:10.260
choice-moving,Surfer10@bmm,4848,324,6656,6656,648,NULL,1314254,1314254,1314254,1314266,LIMIT,BUY,1,93,2018-08-30T05:06:11.530,2018-08-30T05:06:40.843
choice-moving,Surfer11@bmm,4849,324,6656,6656,648,NULL,1314255,1314249,1314249,1314249,CANCEL,BUY,1,90,2018-08-30T05:06:13.664,2018-08-30T05:06:13.670
choice-moving,Surfer4@bmm,4842,324,6656,6656,648,NULL,1314256,1314252,1314252,1314252,CANCEL,BUY,1,91,2018-08-30T05:06:14.544,2018-08-30T05:06:14.549
choice-moving,Surfer5@bmm,4843,324,6656,6656,647,NULL,1314257,1314257,1314257,1314258,LIMIT,BUY,1,1,2018-08-30T05:06:18.595,2018-08-30T05:06:22.353
choice-moving,Surfer5@bmm,4843,324,6656,6656,647,NULL,1314258,1314257,1314257,1314257,CANCEL,BUY,1,1,2018-08-30T05:06:22.346,2018-08-30T05:06:22.353
choice-moving,Surfer10@bmm,4848,324,6656,6656,648,NULL,1314259,1314221,1314221,1314221,CANCEL,BUY,1,77,2018-08-30T05:06:22.559,2018-08-30T05:06:22.567
choice-moving,Surfer19@bmm,4857,324,6656,6656,647,NULL,1314260,1314260,1314260,1314264,LIMIT,BUY,1,99,2018-08-30T05:06:24.352,2018-08-30T05:06:34.909
choice-moving,Surfer12@bmm,4850,324,6656,6656,648,NULL,1314261,1314261,1314261,NULL,LIMIT,BUY,1,95,2018-08-30T05:06:26.336,2018-08-30T05:06:26.339
choice-moving,Surfer11@bmm,4849,324,6656,6656,646,NULL,1314262,1314262,1314262,1314269,LIMIT,BUY,1,99,2018-08-30T05:06:26.745,2018-08-30T05:06:42.876
choice-moving,Surfer1@bmm,4839,324,6656,6656,648,NULL,1314263,1314189,1314189,1314189,CANCEL,BUY,1,24,2018-08-30T05:06:34.558,2018-08-30T05:06:34.563
choice-moving,Surfer19@bmm,4857,324,6656,6656,647,NULL,1314264,1314260,1314260,1314260,CANCEL,BUY,1,99,2018-08-30T05:06:34.903,2018-08-30T05:06:34.909
choice-moving,Surfer10@bmm,4848,324,6656,6656,649,NULL,1314265,1314196,1314196,1314196,CANCEL,BUY,1,90,2018-08-30T05:06:38.609,2018-08-30T05:06:38.614
choice-moving,Surfer10@bmm,4848,324,6656,6656,648,NULL,1314266,1314254,1314254,1314254,CANCEL,BUY,1,93,2018-08-30T05:06:40.837,2018-08-30T05:06:40.843
choice-moving,Surfer11@bmm,4849,324,6656,6656,649,NULL,1314267,1314202,1314202,1314202,CANCEL,BUY,1,99,2018-08-30T05:06:42.012,2018-08-30T05:06:42.018
choice-moving,Surfer10@bmm,4848,324,6656,6656,646,NULL,1314268,1314206,1314206,1314206,CANCEL,BUY,1,87,2018-08-30T05:06:42.231,2018-08-30T05:06:42.236
choice-moving,Surfer11@bmm,4849,324,6656,6656,646,NULL,1314269,1314262,1314262,1314262,CANCEL,BUY,1,99,2018-08-30T05:06:42.870,2018-08-30T05:06:42.876
choice-moving,Surfer1@bmm,4839,324,6656,6656,648,NULL,1314270,1314214,1314214,1314214,CANCEL,BUY,1,57,2018-08-30T05:06:52.114,2018-08-30T05:06:52.121