account,email,owner,marketplace,session,period,market,target,order,original,supplier,consumer,type,side,units,price,createdDate,lastModifiedDate
choice-moving,Surfer4@bmm,4842,321,6652,6652,634,NULL,1312679,1312679,1312679,1312684,LIMIT,BUY,1,1,2018-08-30T04:31:46.969,2018-08-30T04:32:23.856
choice-moving,Surfer3@bmm,4841,321,6652,6652,637,NULL,1312680,1312680,1312680,NULL,LIMIT,SELL,1,22,2018-08-30T04:31:51.238,2018-08-30T04:31:51.241
choice-moving,Surfer2@bmm,4840,321,6652,6652,634,NULL,1312681,1312681,1312681,1312686,LIMIT,BUY,1,1,2018-08-30T04:32:08.585,2018-08-30T04:32:24.103
choice-moving,Surfer2@bmm,4840,321,6652,6652,634,NULL,1312682,1312682,1312682,1312687,LIMIT,BUY,1,1,2018-08-30T04:32:08.830,2018-08-30T04:32:25.524
choice-moving,Surfer11@bmm,4849,321,6652,6652,635,NULL,1312683,1312683,1312683,1312698,LIMIT,SELL,1,83,2018-08-30T04:32:23.369,2018-08-30T04:32:56.670
choice-moving,Surfer2@bmm,4840,321,6652,6652,634,NULL,1312684,1312684,1312684,1312679,LIMIT,SELL,1,1,2018-08-30T04:32:23.848,2018-08-30T04:32:23.855
choice-moving,Surfer1@bmm,4839,321,6652,6652,635,NULL,1312685,1312685,1312685,1312872,LIMIT,SELL,1,32,2018-08-30T04:32:24.068,2018-08-30T04:35:28.476
choice-moving,Surfer2@bmm,4840,321,6652,6652,634,NULL,1312686,1312686,1312686,1312681,LIMIT,SELL,1,1,2018-08-30T04:32:24.095,2018-08-30T04:32:24.103
choice-moving,Surfer2@bmm,4840,321,6652,6652,634,NULL,1312687,1312687,1312687,1312682,LIMIT,SELL,1,1,2018-08-30T04:32:25.518,2018-08-30T04:32:25.524
choice-moving,Surfer1@bmm,4839,321,6652,6652,637,NULL,1312688,1312688,1312688,1312704,LIMIT,SELL,1,17,2018-08-30T04:32:34.744,2018-08-30T04:33:03.568
choice-moving,Surfer1@bmm,4839,321,6652,6652,637,NULL,1312689,1312689,1312689,1313010,LIMIT,SELL,1,17,2018-08-30T04:32:35.716,2018-08-30T04:38:56.313
choice-moving,Surfer1@bmm,4839,321,6652,6652,637,NULL,1312690,1312690,1312690,1313008,LIMIT,SELL,1,17,2018-08-30T04:32:36.557,2018-08-30T04:38:55.367
choice-moving,Surfer1@bmm,4839,321,6652,6652,637,NULL,1312691,1312691,1312691,1313007,LIMIT,SELL,1,17,2018-08-30T04:32:36.796,2018-08-30T04:38:54.666
choice-moving,Surfer16@bmm,4854,321,6652,6652,636,NULL,1312692,1312692,1312692,1312716,LIMIT,SELL,4,49,2018-08-30T04:32:36.957,2018-08-30T04:33:15.564
choice-moving,Surfer10@bmm,4848,321,6652,6652,636,NULL,1312693,1312693,1312693,1312848,LIMIT,SELL,1,59,2018-08-30T04:32:42.703,2018-08-30T04:35:02.528
choice-moving,Surfer1@bmm,4839,321,6652,6652,635,NULL,1312694,1312694,1312694,1313011,LIMIT,SELL,1,78,2018-08-30T04:32:49.830,2018-08-30T04:38:59.421
choice-moving,Surfer1@bmm,4839,321,6652,6652,635,NULL,1312695,1312695,1312695,1312840,LIMIT,SELL,1,78,2018-08-30T04:32:50.119,2018-08-30T04:34:50.828
choice-moving,Surfer1@bmm,4839,321,6652,6652,635,NULL,1312696,1312696,1312696,1312764,LIMIT,SELL,1,78,2018-08-30T04:32:51.364,2018-08-30T04:33:56.947
choice-moving,Surfer2@bmm,4840,321,6652,6652,634,NULL,1312697,1312697,1312697,NULL,LIMIT,BUY,1,52,2018-08-30T04:32:52.175,2018-08-30T04:32:52.178
choice-moving,Surfer11@bmm,4849,321,6652,6652,635,NULL,1312698,1312683,1312683,1312683,CANCEL,SELL,1,83,2018-08-30T04:32:56.664,2018-08-30T04:32:56.670
choice-moving,Surfer9@bmm,4847,321,6652,6652,634,NULL,1312699,1312699,1312699,1312701,LIMIT,BUY,1,76,2018-08-30T04:32:56.889,2018-08-30T04:32:59.036
choice-moving,Surfer16@bmm,4854,321,6652,6652,634,NULL,1312700,1312700,1312700,1312767,LIMIT,BUY,1,52,2018-08-30T04:32:57.216,2018-08-30T04:33:59.593
choice-moving,Surfer9@bmm,4847,321,6652,6652,634,NULL,1312701,1312699,1312699,1312699,CANCEL,BUY,1,76,2018-08-30T04:32:59.029,2018-08-30T04:32:59.036
choice-moving,Surfer1@bmm,4839,321,6652,6652,634,NULL,1312702,1312702,1312702,1313003,LIMIT,BUY,1,29,2018-08-30T04:32:59.875,2018-08-30T04:38:51.524
choice-moving,Surfer3@bmm,4841,321,6652,6652,637,NULL,1312703,1312703,1312703,0,LIMIT,BUY,1,58,2018-08-30T04:33:03.557,2018-08-30T04:33:03.568
choice-moving,Surfer3@bmm,4841,321,6652,6652,637,NULL,1312704,1312703,1312703,1312688,LIMIT,BUY,1,17,2018-08-30T04:33:03.564,2018-08-30T04:33:03.568
choice-moving,Surfer6@bmm,4844,321,6652,6652,634,NULL,1312705,1312705,1312705,1312720,LIMIT,BUY,1,60,2018-08-30T04:33:04.981,2018-08-30T04:33:18.558
choice-moving,Surfer6@bmm,4844,321,6652,6652,634,NULL,1312706,1312706,1312706,1312717,LIMIT,BUY,1,60,2018-08-30T04:33:05.953,2018-08-30T04:33:15.797
choice-moving,Surfer9@bmm,4847,321,6652,6652,634,NULL,1312707,1312707,1312707,1312752,LIMIT,BUY,1,80,2018-08-30T04:33:07.701,2018-08-30T04:33:51.091
choice-moving,Surfer6@bmm,4844,321,6652,6652,634,NULL,1312708,1312708,1312708,1312715,LIMIT,BUY,1,60,2018-08-30T04:33:08.058,2018-08-30T04:33:14.999
choice-moving,Surfer11@bmm,4849,321,6652,6652,635,NULL,1312709,1312709,1312709,1312728,LIMIT,SELL,1,52,2018-08-30T04:33:08.819,2018-08-30T04:33:29.718
choice-moving,Surfer10@bmm,4848,321,6652,6652,636,NULL,1312710,1312710,1312710,1312863,LIMIT,SELL,1,24,2018-08-30T04:33:10.741,2018-08-30T04:35:17.540
choice-moving,Surfer14@bmm,4852,321,6652,6652,634,NULL,1312711,1312711,1312711,1312714,LIMIT,BUY,1,65,2018-08-30T04:33:11.309,2018-08-30T04:33:13.678
choice-moving,Surfer6@bmm,4844,321,6652,6652,634,NULL,1312712,1312712,1312712,1312723,LIMIT,BUY,1,81,2018-08-30T04:33:12.761,2018-08-30T04:33:20.453
choice-moving,Surfer6@bmm,4844,321,6652,6652,634,NULL,1312713,1312713,1312713,1312722,LIMIT,BUY,1,81,2018-08-30T04:33:13.584,2018-08-30T04:33:19.536
choice-moving,Surfer14@bmm,4852,321,6652,6652,634,NULL,1312714,1312711,1312711,1312711,CANCEL,BUY,1,65,2018-08-30T04:33:13.672,2018-08-30T04:33:13.677
choice-moving,Surfer6@bmm,4844,321,6652,6652,634,NULL,1312715,1312708,1312708,1312708,CANCEL,BUY,1,60,2018-08-30T04:33:14.993,2018-08-30T04:33:14.999
choice-moving,Surfer16@bmm,4854,321,6652,6652,636,NULL,1312716,1312692,1312692,1312692,CANCEL,SELL,4,49,2018-08-30T04:33:15.557,2018-08-30T04:33:15.563
choice-moving,Surfer6@bmm,4844,321,6652,6652,634,NULL,1312717,1312706,1312706,1312706,CANCEL,BUY,1,60,2018-08-30T04:33:15.790,2018-08-30T04:33:15.797
choice-moving,Surfer3@bmm,4841,321,6652,6652,634,NULL,1312718,1312718,1312718,1312755,LIMIT,BUY,1,83,2018-08-30T04:33:16.134,2018-08-30T04:33:54.906
choice-moving,Surfer4@bmm,4842,321,6652,6652,636,NULL,1312719,1312719,1312719,1312898,LIMIT,SELL,1,23,2018-08-30T04:33:18.097,2018-08-30T04:36:14.305
choice-moving,Surfer6@bmm,4844,321,6652,6652,634,NULL,1312720,1312705,1312705,1312705,CANCEL,BUY,1,60,2018-08-30T04:33:18.552,2018-08-30T04:33:18.557
choice-moving,Surfer16@bmm,4854,321,6652,6652,636,NULL,1312721,1312721,1312721,1312812,LIMIT,SELL,4,22,2018-08-30T04:33:19.063,2018-08-30T04:34:36.465
choice-moving,Surfer6@bmm,4844,321,6652,6652,634,NULL,1312722,1312713,1312713,1312713,CANCEL,BUY,1,81,2018-08-30T04:33:19.527,2018-08-30T04:33:19.535
choice-moving,Surfer6@bmm,4844,321,6652,6652,634,NULL,1312723,1312712,1312712,1312712,CANCEL,BUY,1,81,2018-08-30T04:33:20.447,2018-08-30T04:33:20.453
choice-moving,Surfer9@bmm,4847,321,6652,6652,635,NULL,1312724,1312724,1312724,0,LIMIT,SELL,4,10,2018-08-30T04:33:22.420,2018-08-30T04:33:40.213
choice-moving,Surfer15@bmm,4853,321,6652,6652,635,NULL,1312725,1312725,1312725,NULL,LIMIT,SELL,1,45,2018-08-30T04:33:23.508,2018-08-30T04:33:23.511
choice-moving,Surfer6@bmm,4844,321,6652,6652,634,NULL,1312726,1312726,1312726,1312735,LIMIT,BUY,1,85,2018-08-30T04:33:24.224,2018-08-30T04:33:35.541
choice-moving,Surfer6@bmm,4844,321,6652,6652,634,NULL,1312727,1312727,1312727,1312738,LIMIT,BUY,1,85,2018-08-30T04:33:24.824,2018-08-30T04:33:36.645
choice-moving,Surfer11@bmm,4849,321,6652,6652,635,NULL,1312728,1312709,1312709,1312709,CANCEL,SELL,1,52,2018-08-30T04:33:29.713,2018-08-30T04:33:29.718
choice-moving,Surfer12@bmm,4850,321,6652,6652,636,NULL,1312729,1312729,1312729,1312973,LIMIT,SELL,1,20,2018-08-30T04:33:30.076,2018-08-30T04:37:42.895
choice-moving,Surfer15@bmm,4853,321,6652,6652,637,NULL,1312730,1312730,1312730,NULL,LIMIT,SELL,1,50,2018-08-30T04:33:31.907,2018-08-30T04:33:31.911
choice-moving,Surfer11@bmm,4849,321,6652,6652,635,NULL,1312731,1312731,1312731,1312733,LIMIT,SELL,1,7,2018-08-30T04:33:34.533,2018-08-30T04:33:35.391
choice-moving,Surfer5@bmm,4843,321,6652,6652,635,NULL,1312732,1312732,1312732,0,LIMIT,BUY,1,10,2018-08-30T04:33:35.381,2018-08-30T04:33:35.391
choice-moving,Surfer5@bmm,4843,321,6652,6652,635,NULL,1312733,1312732,1312732,1312731,LIMIT,BUY,1,7,2018-08-30T04:33:35.387,2018-08-30T04:33:35.391
choice-moving,Surfer8@bmm,4846,321,6652,6652,634,NULL,1312734,1312734,1312734,0,LIMIT,SELL,1,84,2018-08-30T04:33:35.531,2018-08-30T04:33:35.541
choice-moving,Surfer8@bmm,4846,321,6652,6652,634,NULL,1312735,1312734,1312734,1312726,LIMIT,SELL,1,85,2018-08-30T04:33:35.537,2018-08-30T04:33:35.541
choice-moving,Surfer6@bmm,4844,321,6652,6652,636,NULL,1312736,1312736,1312736,1312753,LIMIT,SELL,1,10,2018-08-30T04:33:36.065,2018-08-30T04:33:51.264
choice-moving,Surfer18@bmm,4856,321,6652,6652,634,NULL,1312737,1312737,1312737,0,LIMIT,SELL,1,62,2018-08-30T04:33:36.635,2018-08-30T04:33:36.645
choice-moving,Surfer18@bmm,4856,321,6652,6652,634,NULL,1312738,1312737,1312737,1312727,LIMIT,SELL,1,85,2018-08-30T04:33:36.641,2018-08-30T04:33:36.645
choice-moving,Surfer6@bmm,4844,321,6652,6652,636,NULL,1312739,1312739,1312739,1312797,LIMIT,SELL,1,10,2018-08-30T04:33:36.984,2018-08-30T04:34:25.826
choice-moving,Surfer6@bmm,4844,321,6652,6652,636,NULL,1312740,1312740,1312740,1312794,LIMIT,SELL,1,10,2018-08-30T04:33:37.259,2018-08-30T04:34:25.135
choice-moving,Surfer6@bmm,4844,321,6652,6652,636,NULL,1312741,1312741,1312741,1312791,LIMIT,SELL,1,10,2018-08-30T04:33:37.496,2018-08-30T04:34:24.087
choice-moving,Surfer5@bmm,4843,321,6652,6652,635,NULL,1312742,1312742,1312742,1312743,LIMIT,BUY,1,10,2018-08-30T04:33:40.197,2018-08-30T04:33:40.213
choice-moving,Surfer9@bmm,4847,321,6652,6652,635,NULL,1312743,1312724,1312724,1312742,LIMIT,SELL,1,10,2018-08-30T04:33:40.207,2018-08-30T04:33:40.213
choice-moving,Surfer9@bmm,4847,321,6652,6652,635,NULL,1312744,1312724,1312724,0,LIMIT,SELL,3,10,2018-08-30T04:33:22.420,2018-08-30T04:33:55.216
choice-moving,Surfer9@bmm,4847,321,6652,6652,637,NULL,1312745,1312745,1312745,1312867,LIMIT,SELL,4,10,2018-08-30T04:33:40.452,2018-08-30T04:35:20.176
choice-moving,Surfer10@bmm,4848,321,6652,6652,636,NULL,1312746,1312746,1312746,1312883,LIMIT,SELL,1,17,2018-08-30T04:33:40.929,2018-08-30T04:35:49.122
choice-moving,Surfer13@bmm,4851,321,6652,6652,634,NULL,1312747,1312747,1312747,NULL,LIMIT,BUY,1,40,2018-08-30T04:33:44.399,2018-08-30T04:33:44.401
choice-moving,Surfer11@bmm,4849,321,6652,6652,635,NULL,1312748,1312748,1312748,1312750,LIMIT,SELL,1,10,2018-08-30T04:33:47.163,2018-08-30T04:33:49.920
choice-moving,Surfer12@bmm,4850,321,6652,6652,634,NULL,1312749,1312749,1312749,NULL,LIMIT,BUY,1,75,2018-08-30T04:33:49.829,2018-08-30T04:33:49.832
choice-moving,Surfer11@bmm,4849,321,6652,6652,635,NULL,1312750,1312748,1312748,1312748,CANCEL,SELL,1,10,2018-08-30T04:33:49.914,2018-08-30T04:33:49.920
choice-moving,Surfer19@bmm,4857,321,6652,6652,634,NULL,1312751,1312751,1312751,1312921,LIMIT,BUY,1,80,2018-08-30T04:33:51.018,2018-08-30T04:36:24.633
choice-moving,Surfer9@bmm,4847,321,6652,6652,634,NULL,1312752,1312707,1312707,1312707,CANCEL,BUY,1,80,2018-08-30T04:33:51.085,2018-08-30T04:33:51.091
choice-moving,Surfer7@bmm,4845,321,6652,6652,636,NULL,1312753,1312753,1312753,1312736,LIMIT,BUY,1,10,2018-08-30T04:33:51.257,2018-08-30T04:33:51.263
choice-moving,Surfer8@bmm,4846,321,6652,6652,634,NULL,1312754,1312754,1312754,0,LIMIT,SELL,1,80,2018-08-30T04:33:54.894,2018-08-30T04:33:54.905
choice-moving,Surfer8@bmm,4846,321,6652,6652,634,NULL,1312755,1312754,1312754,1312718,LIMIT,SELL,1,83,2018-08-30T04:33:54.902,2018-08-30T04:33:54.906
choice-moving,Surfer13@bmm,4851,321,6652,6652,635,NULL,1312756,1312756,1312756,NULL,LIMIT,SELL,1,31,2018-08-30T04:33:54.918,2018-08-30T04:33:54.921
choice-moving,Surfer5@bmm,4843,321,6652,6652,635,NULL,1312757,1312757,1312757,1312758,LIMIT,BUY,1,10,2018-08-30T04:33:55.204,2018-08-30T04:33:55.216
choice-moving,Surfer9@bmm,4847,321,6652,6652,635,NULL,1312758,1312724,1312744,1312757,LIMIT,SELL,1,10,2018-08-30T04:33:55.210,2018-08-30T04:33:55.216
choice-moving,Surfer9@bmm,4847,321,6652,6652,635,NULL,1312759,1312724,1312744,0,LIMIT,SELL,2,10,2018-08-30T04:33:22.420,2018-08-30T04:33:56.191
choice-moving,Surfer10@bmm,4848,321,6652,6652,636,NULL,1312760,1312760,1312760,1312892,LIMIT,SELL,1,12,2018-08-30T04:33:56.136,2018-08-30T04:36:07.168
choice-moving,Surfer5@bmm,4843,321,6652,6652,635,NULL,1312761,1312761,1312761,1312762,LIMIT,BUY,1,10,2018-08-30T04:33:56.179,2018-08-30T04:33:56.191
choice-moving,Surfer9@bmm,4847,321,6652,6652,635,NULL,1312762,1312724,1312759,1312761,LIMIT,SELL,1,10,2018-08-30T04:33:56.185,2018-08-30T04:33:56.191
choice-moving,Surfer9@bmm,4847,321,6652,6652,635,NULL,1312763,1312724,1312759,1312765,LIMIT,SELL,1,10,2018-08-30T04:33:22.420,2018-08-30T04:33:56.968
choice-moving,Surfer1@bmm,4839,321,6652,6652,635,NULL,1312764,1312696,1312696,1312696,CANCEL,SELL,1,78,2018-08-30T04:33:56.942,2018-08-30T04:33:56.947
choice-moving,Surfer5@bmm,4843,321,6652,6652,635,NULL,1312765,1312765,1312765,1312763,LIMIT,BUY,1,10,2018-08-30T04:33:56.963,2018-08-30T04:33:56.968
choice-moving,Surfer12@bmm,4850,321,6652,6652,636,NULL,1312766,1312766,1312766,NULL,LIMIT,SELL,1,9,2018-08-30T04:33:58.691,2018-08-30T04:33:58.693
choice-moving,Surfer16@bmm,4854,321,6652,6652,634,NULL,1312767,1312700,1312700,1312700,CANCEL,BUY,1,52,2018-08-30T04:33:59.587,2018-08-30T04:33:59.593
choice-moving,Surfer1@bmm,4839,321,6652,6652,635,NULL,1312768,1312768,1312768,1312774,LIMIT,SELL,1,13,2018-08-30T04:33:59.638,2018-08-30T04:34:11.053
choice-moving,Surfer5@bmm,4843,321,6652,6652,635,NULL,1312769,1312769,1312769,1312851,LIMIT,SELL,1,20,2018-08-30T04:34:02.026,2018-08-30T04:35:05.985
choice-moving,Surfer4@bmm,4842,321,6652,6652,634,NULL,1312770,1312770,1312770,1312852,LIMIT,BUY,1,81,2018-08-30T04:34:04.028,2018-08-30T04:35:07.742
choice-moving,Surfer9@bmm,4847,321,6652,6652,634,NULL,1312771,1312771,1312771,0,LIMIT,BUY,8,95,2018-08-30T04:34:05.443,2018-08-30T04:34:11.758
choice-moving,Surfer18@bmm,4856,321,6652,6652,636,NULL,1312772,1312772,1312772,NULL,LIMIT,SELL,1,22,2018-08-30T04:34:05.742,2018-08-30T04:34:05.745
choice-moving,Surfer16@bmm,4854,321,6652,6652,634,NULL,1312773,1312773,1312773,1312873,LIMIT,BUY,1,85,2018-08-30T04:34:07.105,2018-08-30T04:35:30.350
choice-moving,Surfer5@bmm,4843,321,6652,6652,635,NULL,1312774,1312774,1312774,1312768,LIMIT,BUY,1,13,2018-08-30T04:34:11.046,2018-08-30T04:34:11.052
choice-moving,Surfer11@bmm,4849,321,6652,6652,635,NULL,1312775,1312775,1312775,1312781,LIMIT,SELL,1,13,2018-08-30T04:34:11.676,2018-08-30T04:34:14.425
choice-moving,Surfer8@bmm,4846,321,6652,6652,634,NULL,1312776,1312776,1312776,0,LIMIT,SELL,1,90,2018-08-30T04:34:11.742,2018-08-30T04:34:11.758
choice-moving,Surfer8@bmm,4846,321,6652,6652,634,NULL,1312777,1312776,1312776,1312778,LIMIT,SELL,1,95,2018-08-30T04:34:11.749,2018-08-30T04:34:11.758
choice-moving,Surfer9@bmm,4847,321,6652,6652,634,NULL,1312778,1312771,1312771,1312777,LIMIT,BUY,1,95,2018-08-30T04:34:11.751,2018-08-30T04:34:11.758
choice-moving,Surfer9@bmm,4847,321,6652,6652,634,NULL,1312779,1312771,1312771,NULL,LIMIT,BUY,7,95,2018-08-30T04:34:05.443,2018-08-30T04:34:11.758
choice-moving,Surfer4@bmm,4842,321,6652,6652,634,NULL,1312780,1312780,1312780,1312854,LIMIT,BUY,1,86,2018-08-30T04:34:11.794,2018-08-30T04:35:08.686
choice-moving,Surfer11@bmm,4849,321,6652,6652,635,NULL,1312781,1312775,1312775,1312775,CANCEL,SELL,1,13,2018-08-30T04:34:14.419,2018-08-30T04:34:14.425
choice-moving,Surfer6@bmm,4844,321,6652,6652,634,NULL,1312782,1312782,1312782,1312788,LIMIT,BUY,1,96,2018-08-30T04:34:17.007,2018-08-30T04:34:22.135
choice-moving,Surfer18@bmm,4856,321,6652,6652,634,NULL,1312783,1312783,1312783,1312787,LIMIT,SELL,1,99,2018-08-30T04:34:18.120,2018-08-30T04:34:21.680
choice-moving,Surfer5@bmm,4843,321,6652,6652,635,NULL,1312784,1312784,1312784,1312914,LIMIT,SELL,1,13,2018-08-30T04:34:18.722,2018-08-30T04:36:18.230
choice-moving,Surfer11@bmm,4849,321,6652,6652,635,NULL,1312785,1312785,1312785,1312790,LIMIT,SELL,1,21,2018-08-30T04:34:21.420,2018-08-30T04:34:23.514
choice-moving,Surfer3@bmm,4841,321,6652,6652,637,NULL,1312786,1312786,1312786,NULL,LIMIT,SELL,1,12,2018-08-30T04:34:21.432,2018-08-30T04:34:21.435
choice-moving,Surfer14@bmm,4852,321,6652,6652,634,NULL,1312787,1312787,1312787,1312783,LIMIT,BUY,1,99,2018-08-30T04:34:21.673,2018-08-30T04:34:21.680
choice-moving,Surfer2@bmm,4840,321,6652,6652,634,NULL,1312788,1312788,1312788,1312782,LIMIT,SELL,1,96,2018-08-30T04:34:22.128,2018-08-30T04:34:22.134
choice-moving,Surfer5@bmm,4843,321,6652,6652,635,NULL,1312789,1312789,1312789,1312912,LIMIT,SELL,1,13,2018-08-30T04:34:23.016,2018-08-30T04:36:17.282
choice-moving,Surfer11@bmm,4849,321,6652,6652,635,NULL,1312790,1312785,1312785,1312785,CANCEL,SELL,1,21,2018-08-30T04:34:23.508,2018-08-30T04:34:23.513
choice-moving,Surfer6@bmm,4844,321,6652,6652,636,NULL,1312791,1312741,1312741,1312741,CANCEL,SELL,1,10,2018-08-30T04:34:24.080,2018-08-30T04:34:24.086
choice-moving,Surfer5@bmm,4843,321,6652,6652,635,NULL,1312792,1312792,1312792,1312909,LIMIT,SELL,1,13,2018-08-30T04:34:24.141,2018-08-30T04:36:16.687
choice-moving,Surfer5@bmm,4843,321,6652,6652,635,NULL,1312793,1312793,1312793,1312907,LIMIT,SELL,1,13,2018-08-30T04:34:25.007,2018-08-30T04:36:15.997
choice-moving,Surfer6@bmm,4844,321,6652,6652,636,NULL,1312794,1312740,1312740,1312740,CANCEL,SELL,1,10,2018-08-30T04:34:25.130,2018-08-30T04:34:25.135
choice-moving,Surfer11@bmm,4849,321,6652,6652,635,NULL,1312795,1312795,1312795,1312811,LIMIT,SELL,1,20,2018-08-30T04:34:25.411,2018-08-30T04:34:34.144
choice-moving,Surfer5@bmm,4843,321,6652,6652,635,NULL,1312796,1312796,1312796,1312904,LIMIT,SELL,1,13,2018-08-30T04:34:25.705,2018-08-30T04:36:15.369
choice-moving,Surfer6@bmm,4844,321,6652,6652,636,NULL,1312797,1312739,1312739,1312739,CANCEL,SELL,1,10,2018-08-30T04:34:25.820,2018-08-30T04:34:25.826
choice-moving,Surfer5@bmm,4843,321,6652,6652,635,NULL,1312798,1312798,1312798,1312902,LIMIT,SELL,1,13,2018-08-30T04:34:26.719,2018-08-30T04:36:14.920
choice-moving,Surfer5@bmm,4843,321,6652,6652,635,NULL,1312799,1312799,1312799,1312900,LIMIT,SELL,1,13,2018-08-30T04:34:27.118,2018-08-30T04:36:14.595
choice-moving,Surfer5@bmm,4843,321,6652,6652,635,NULL,1312800,1312800,1312800,1312896,LIMIT,SELL,1,13,2018-08-30T04:34:27.358,2018-08-30T04:36:14.059
choice-moving,Surfer5@bmm,4843,321,6652,6652,635,NULL,1312801,1312801,1312801,1312895,LIMIT,SELL,1,13,2018-08-30T04:34:27.704,2018-08-30T04:36:13.087
choice-moving,Surfer19@bmm,4857,321,6652,6652,637,NULL,1312802,1312802,1312802,1312897,LIMIT,SELL,1,10,2018-08-30T04:34:28.393,2018-08-30T04:36:14.096
choice-moving,Surfer14@bmm,4852,321,6652,6652,634,NULL,1312803,1312803,1312803,1312865,LIMIT,BUY,1,99,2018-08-30T04:34:31.097,2018-08-30T04:35:18.752
choice-moving,Surfer18@bmm,4856,321,6652,6652,634,NULL,1312804,1312804,1312804,1312844,LIMIT,SELL,1,100,2018-08-30T04:34:31.470,2018-08-30T04:34:54.300
choice-moving,Surfer6@bmm,4844,321,6652,6652,636,NULL,1312805,1312805,1312805,1312829,LIMIT,SELL,1,7,2018-08-30T04:34:31.515,2018-08-30T04:34:45.467
choice-moving,Surfer6@bmm,4844,321,6652,6652,636,NULL,1312806,1312806,1312806,1312826,LIMIT,SELL,1,7,2018-08-30T04:34:31.775,2018-08-30T04:34:44.724
choice-moving,Surfer6@bmm,4844,321,6652,6652,636,NULL,1312807,1312807,1312807,1312824,LIMIT,SELL,1,7,2018-08-30T04:34:32.045,2018-08-30T04:34:44.229
choice-moving,Surfer4@bmm,4842,321,6652,6652,636,NULL,1312808,1312808,1312808,1312849,LIMIT,SELL,1,8,2018-08-30T04:34:32.461,2018-08-30T04:35:02.683
choice-moving,Surfer11@bmm,4849,321,6652,6652,635,NULL,1312809,1312809,1312809,1312813,LIMIT,SELL,1,19,2018-08-30T04:34:32.909,2018-08-30T04:34:36.653
choice-moving,Surfer13@bmm,4851,321,6652,6652,637,NULL,1312810,1312810,1312810,NULL,LIMIT,SELL,1,45,2018-08-30T04:34:33.796,2018-08-30T04:34:33.799
choice-moving,Surfer11@bmm,4849,321,6652,6652,635,NULL,1312811,1312795,1312795,1312795,CANCEL,SELL,1,20,2018-08-30T04:34:34.138,2018-08-30T04:34:34.144
choice-moving,Surfer16@bmm,4854,321,6652,6652,636,NULL,1312812,1312721,1312721,1312721,CANCEL,SELL,4,22,2018-08-30T04:34:36.459,2018-08-30T04:34:36.465
choice-moving,Surfer11@bmm,4849,321,6652,6652,635,NULL,1312813,1312809,1312809,1312809,CANCEL,SELL,1,19,2018-08-30T04:34:36.646,2018-08-30T04:34:36.652
choice-moving,Surfer16@bmm,4854,321,6652,6652,636,NULL,1312814,1312721,1312721,1312814,CANCEL,SELL,4,22,2018-08-30T04:34:36.719,2018-08-30T04:34:36.726
choice-moving,Surfer2@bmm,4840,321,6652,6652,634,NULL,1312815,1312815,1312815,NULL,LIMIT,BUY,1,99,2018-08-30T04:34:37.602,2018-08-30T04:34:37.605
choice-moving,Surfer16@bmm,4854,321,6652,6652,636,NULL,1312816,1312816,1312816,1312966,LIMIT,SELL,1,2,2018-08-30T04:34:38.558,2018-08-30T04:37:38.540
choice-moving,Surfer8@bmm,4846,321,6652,6652,636,NULL,1312817,1312817,1312817,NULL,LIMIT,SELL,1,94,2018-08-30T04:34:38.956,2018-08-30T04:34:38.959
choice-moving,Surfer16@bmm,4854,321,6652,6652,636,NULL,1312818,1312818,1312818,1312965,LIMIT,SELL,1,2,2018-08-30T04:34:39.664,2018-08-30T04:37:37.961
choice-moving,Surfer19@bmm,4857,321,6652,6652,635,NULL,1312819,1312819,1312819,1312884,LIMIT,SELL,1,13,2018-08-30T04:34:39.796,2018-08-30T04:35:52.630
choice-moving,Surfer11@bmm,4849,321,6652,6652,635,NULL,1312820,1312820,1312820,1312843,LIMIT,SELL,1,12,2018-08-30T04:34:40.196,2018-08-30T04:34:54.274
choice-moving,Surfer16@bmm,4854,321,6652,6652,636,NULL,1312821,1312821,1312821,1312964,LIMIT,SELL,1,2,2018-08-30T04:34:40.352,2018-08-30T04:37:37.452
choice-moving,Surfer7@bmm,4845,321,6652,6652,635,NULL,1312822,1312822,1312822,1312841,LIMIT,BUY,1,10,2018-08-30T04:34:40.843,2018-08-30T04:34:51.819
choice-moving,Surfer16@bmm,4854,321,6652,6652,636,NULL,1312823,1312823,1312823,1312962,LIMIT,SELL,1,2,2018-08-30T04:34:40.986,2018-08-30T04:37:36.389
choice-moving,Surfer6@bmm,4844,321,6652,6652,636,NULL,1312824,1312807,1312807,1312807,CANCEL,SELL,1,7,2018-08-30T04:34:44.223,2018-08-30T04:34:44.229
choice-moving,Surfer6@bmm,4844,321,6652,6652,636,NULL,1312825,1312807,1312807,1312825,CANCEL,SELL,1,7,2018-08-30T04:34:44.472,2018-08-30T04:34:44.478
choice-moving,Surfer6@bmm,4844,321,6652,6652,636,NULL,1312826,1312806,1312806,1312806,CANCEL,SELL,1,7,2018-08-30T04:34:44.718,2018-08-30T04:34:44.724
choice-moving,Surfer6@bmm,4844,321,6652,6652,636,NULL,1312827,1312806,1312806,1312827,CANCEL,SELL,1,7,2018-08-30T04:34:44.969,2018-08-30T04:34:44.974
choice-moving,Surfer14@bmm,4852,321,6652,6652,635,NULL,1312828,1312828,1312828,1312837,LIMIT,BUY,1,10,2018-08-30T04:34:45.049,2018-08-30T04:34:49.603
choice-moving,Surfer6@bmm,4844,321,6652,6652,636,NULL,1312829,1312805,1312805,1312805,CANCEL,SELL,1,7,2018-08-30T04:34:45.459,2018-08-30T04:34:45.466
choice-moving,Surfer14@bmm,4852,321,6652,6652,635,NULL,1312830,1312830,1312830,1312835,LIMIT,BUY,1,10,2018-08-30T04:34:45.835,2018-08-30T04:34:48.981
choice-moving,Surfer3@bmm,4841,321,6652,6652,634,NULL,1312831,1312831,1312831,1312845,LIMIT,SELL,1,100,2018-08-30T04:34:46.214,2018-08-30T04:34:55.237
choice-moving,Surfer6@bmm,4844,321,6652,6652,636,NULL,1312832,1312832,1312832,1312951,LIMIT,SELL,1,1,2018-08-30T04:34:47.874,2018-08-30T04:37:26.590
choice-moving,Surfer6@bmm,4844,321,6652,6652,636,NULL,1312833,1312833,1312833,1312952,LIMIT,SELL,1,1,2018-08-30T04:34:48.239,2018-08-30T04:37:26.591
choice-moving,Surfer6@bmm,4844,321,6652,6652,636,NULL,1312834,1312834,1312834,1312953,LIMIT,SELL,1,1,2018-08-30T04:34:48.536,2018-08-30T04:37:26.591
choice-moving,Surfer14@bmm,4852,321,6652,6652,635,NULL,1312835,1312830,1312830,1312830,CANCEL,BUY,1,10,2018-08-30T04:34:48.975,2018-08-30T04:34:48.981
choice-moving,Surfer14@bmm,4852,321,6652,6652,635,NULL,1312836,1312830,1312830,1312836,CANCEL,BUY,1,10,2018-08-30T04:34:49.227,2018-08-30T04:34:49.233
choice-moving,Surfer14@bmm,4852,321,6652,6652,635,NULL,1312837,1312828,1312828,1312828,CANCEL,BUY,1,10,2018-08-30T04:34:49.597,2018-08-30T04:34:49.603
choice-moving,Surfer13@bmm,4851,321,6652,6652,637,NULL,1312838,1312838,1312838,1312875,LIMIT,BUY,1,1,2018-08-30T04:34:49.972,2018-08-30T04:35:30.430
choice-moving,Surfer18@bmm,4856,321,6652,6652,636,NULL,1312839,1312839,1312839,NULL,LIMIT,SELL,1,15,2018-08-30T04:34:50.648,2018-08-30T04:34:50.652
choice-moving,Surfer1@bmm,4839,321,6652,6652,635,NULL,1312840,1312695,1312695,1312695,CANCEL,SELL,1,78,2018-08-30T04:34:50.820,2018-08-30T04:34:50.827
choice-moving,Surfer1@bmm,4839,321,6652,6652,635,NULL,1312841,1312841,1312841,1312822,LIMIT,SELL,1,10,2018-08-30T04:34:51.812,2018-08-30T04:34:51.819
choice-moving,Surfer7@bmm,4845,321,6652,6652,636,NULL,1312842,1312842,1312842,1312936,LIMIT,SELL,1,2,2018-08-30T04:34:53.129,2018-08-30T04:36:42.120
choice-moving,Surfer11@bmm,4849,321,6652,6652,635,NULL,1312843,1312820,1312820,1312820,CANCEL,SELL,1,12,2018-08-30T04:34:54.268,2018-08-30T04:34:54.274
choice-moving,Surfer3@bmm,4841,321,6652,6652,634,NULL,1312844,1312844,1312844,1312804,LIMIT,BUY,1,100,2018-08-30T04:34:54.294,2018-08-30T04:34:54.299
choice-moving,Surfer3@bmm,4841,321,6652,6652,634,NULL,1312845,1312845,1312845,1312831,LIMIT,BUY,1,100,2018-08-30T04:34:55.231,2018-08-30T04:34:55.237
choice-moving,Surfer13@bmm,4851,321,6652,6652,634,NULL,1312846,1312846,1312846,NULL,LIMIT,BUY,1,1,2018-08-30T04:34:56.039,2018-08-30T04:34:56.042
choice-moving,Surfer11@bmm,4849,321,6652,6652,635,NULL,1312847,1312847,1312847,1312878,LIMIT,SELL,1,12,2018-08-30T04:34:56.168,2018-08-30T04:35:40.952
choice-moving,Surfer10@bmm,4848,321,6652,6652,636,NULL,1312848,1312693,1312693,1312693,CANCEL,SELL,1,59,2018-08-30T04:35:02.522,2018-08-30T04:35:02.528
choice-moving,Surfer4@bmm,4842,321,6652,6652,636,NULL,1312849,1312808,1312808,1312808,CANCEL,SELL,1,8,2018-08-30T04:35:02.677,2018-08-30T04:35:02.683
choice-moving,Surfer12@bmm,4850,321,6652,6652,635,NULL,1312850,1312850,1312850,1312870,LIMIT,BUY,1,5,2018-08-30T04:35:04.545,2018-08-30T04:35:24.028
choice-moving,Surfer5@bmm,4843,321,6652,6652,635,NULL,1312851,1312769,1312769,1312769,CANCEL,SELL,1,20,2018-08-30T04:35:05.979,2018-08-30T04:35:05.985
choice-moving,Surfer4@bmm,4842,321,6652,6652,634,NULL,1312852,1312770,1312770,1312770,CANCEL,BUY,1,81,2018-08-30T04:35:07.737,2018-08-30T04:35:07.742
choice-moving,Surfer18@bmm,4856,321,6652,6652,634,NULL,1312853,1312853,1312853,1312889,LIMIT,SELL,1,100,2018-08-30T04:35:08.095,2018-08-30T04:36:01.945
choice-moving,Surfer4@bmm,4842,321,6652,6652,634,NULL,1312854,1312780,1312780,1312780,CANCEL,BUY,1,86,2018-08-30T04:35:08.680,2018-08-30T04:35:08.686
choice-moving,Surfer19@bmm,4857,321,6652,6652,635,NULL,1312855,1312855,1312855,1312941,LIMIT,SELL,1,10,2018-08-30T04:35:09.794,2018-08-30T04:36:49.455
choice-moving,Surfer13@bmm,4851,321,6652,6652,634,NULL,1312856,1312856,1312856,NULL,LIMIT,BUY,1,9,2018-08-30T04:35:10.018,2018-08-30T04:35:10.021
choice-moving,Surfer5@bmm,4843,321,6652,6652,635,NULL,1312857,1312857,1312857,1312917,LIMIT,SELL,1,11,2018-08-30T04:35:11.102,2018-08-30T04:36:19.216
choice-moving,Surfer10@bmm,4848,321,6652,6652,636,NULL,1312858,1312858,1312858,1312929,LIMIT,SELL,1,5,2018-08-30T04:35:12.394,2018-08-30T04:36:38.124
choice-moving,Surfer6@bmm,4844,321,6652,6652,634,NULL,1312859,1312859,1312859,NULL,LIMIT,BUY,1,99,2018-08-30T04:35:13.649,2018-08-30T04:35:13.652
choice-moving,Surfer6@bmm,4844,321,6652,6652,634,NULL,1312860,1312860,1312860,NULL,LIMIT,BUY,1,99,2018-08-30T04:35:14.090,2018-08-30T04:35:14.093
choice-moving,Surfer6@bmm,4844,321,6652,6652,634,NULL,1312861,1312861,1312861,NULL,LIMIT,BUY,1,99,2018-08-30T04:35:14.492,2018-08-30T04:35:14.495
choice-moving,Surfer6@bmm,4844,321,6652,6652,634,NULL,1312862,1312862,1312862,NULL,LIMIT,BUY,1,99,2018-08-30T04:35:14.944,2018-08-30T04:35:14.947
choice-moving,Surfer10@bmm,4848,321,6652,6652,636,NULL,1312863,1312710,1312710,1312710,CANCEL,SELL,1,24,2018-08-30T04:35:17.534,2018-08-30T04:35:17.540
choice-moving,Surfer8@bmm,4846,321,6652,6652,634,NULL,1312864,1312864,1312864,0,LIMIT,SELL,1,90,2018-08-30T04:35:18.742,2018-08-30T04:35:18.752
choice-moving,Surfer8@bmm,4846,321,6652,6652,634,NULL,1312865,1312864,1312864,1312803,LIMIT,SELL,1,99,2018-08-30T04:35:18.749,2018-08-30T04:35:18.753
choice-moving,Surfer7@bmm,4845,321,6652,6652,637,NULL,1312866,1312866,1312866,1312920,LIMIT,SELL,1,5,2018-08-30T04:35:19.966,2018-08-30T04:36:22.563
choice-moving,Surfer9@bmm,4847,321,6652,6652,637,NULL,1312867,1312745,1312745,1312745,CANCEL,SELL,4,10,2018-08-30T04:35:20.169,2018-08-30T04:35:20.175
choice-moving,Surfer10@bmm,4848,321,6652,6652,636,NULL,1312868,1312868,1312868,1312954,LIMIT,SELL,1,1,2018-08-30T04:35:22.246,2018-08-30T04:37:26.592
choice-moving,Surfer18@bmm,4856,321,6652,6652,636,NULL,1312869,1312869,1312869,NULL,LIMIT,SELL,1,24,2018-08-30T04:35:22.792,2018-08-30T04:35:22.795
choice-moving,Surfer11@bmm,4849,321,6652,6652,635,NULL,1312870,1312870,1312870,1312850,LIMIT,SELL,1,5,2018-08-30T04:35:24.020,2018-08-30T04:35:24.028
choice-moving,Surfer13@bmm,4851,321,6652,6652,635,NULL,1312871,1312871,1312871,1312885,LIMIT,SELL,1,5,2018-08-30T04:35:24.934,2018-08-30T04:35:57.183
choice-moving,Surfer1@bmm,4839,321,6652,6652,635,NULL,1312872,1312685,1312685,1312685,CANCEL,SELL,1,32,2018-08-30T04:35:28.470,2018-08-30T04:35:28.476
choice-moving,Surfer16@bmm,4854,321,6652,6652,634,NULL,1312873,1312773,1312773,1312773,CANCEL,BUY,1,85,2018-08-30T04:35:30.344,2018-08-30T04:35:30.350
choice-moving,Surfer9@bmm,4847,321,6652,6652,637,NULL,1312874,1312874,1312874,0,LIMIT,SELL,4,1,2018-08-30T04:35:30.417,2018-08-30T04:35:30.430
choice-moving,Surfer9@bmm,4847,321,6652,6652,637,NULL,1312875,1312874,1312874,1312838,LIMIT,SELL,1,1,2018-08-30T04:35:30.424,2018-08-30T04:35:30.430
choice-moving,Surfer9@bmm,4847,321,6652,6652,637,NULL,1312876,1312874,1312874,0,LIMIT,SELL,3,1,2018-08-30T04:35:30.417,2018-08-30T04:37:39.418
choice-moving,Surfer3@bmm,4841,321,6652,6652,635,NULL,1312877,1312877,1312877,1312882,LIMIT,SELL,1,4,2018-08-30T04:35:35.893,2018-08-30T04:35:46.482
choice-moving,Surfer11@bmm,4849,321,6652,6652,635,NULL,1312878,1312847,1312847,1312847,CANCEL,SELL,1,12,2018-08-30T04:35:40.945,2018-08-30T04:35:40.952
choice-moving,Surfer16@bmm,4854,321,6652,6652,634,NULL,1312879,1312879,1312879,NULL,LIMIT,BUY,1,99,2018-08-30T04:35:42.295,2018-08-30T04:35:42.298
choice-moving,Surfer8@bmm,4846,321,6652,6652,636,NULL,1312880,1312880,1312880,NULL,LIMIT,SELL,1,8,2018-08-30T04:35:45.788,2018-08-30T04:35:45.791
choice-moving,Surfer13@bmm,4851,321,6652,6652,635,NULL,1312881,1312881,1312881,0,LIMIT,BUY,1,13,2018-08-30T04:35:46.472,2018-08-30T04:35:46.482
choice-moving,Surfer13@bmm,4851,321,6652,6652,635,NULL,1312882,1312881,1312881,1312877,LIMIT,BUY,1,4,2018-08-30T04:35:46.478,2018-08-30T04:35:46.482
choice-moving,Surfer10@bmm,4848,321,6652,6652,636,NULL,1312883,1312746,1312746,1312746,CANCEL,SELL,1,17,2018-08-30T04:35:49.117,2018-08-30T04:35:49.122
choice-moving,Surfer19@bmm,4857,321,6652,6652,635,NULL,1312884,1312819,1312819,1312819,CANCEL,SELL,1,13,2018-08-30T04:35:52.624,2018-08-30T04:35:52.630
choice-moving,Surfer12@bmm,4850,321,6652,6652,635,NULL,1312885,1312885,1312885,1312871,LIMIT,BUY,1,5,2018-08-30T04:35:57.176,2018-08-30T04:35:57.182
choice-moving,Surfer13@bmm,4851,321,6652,6652,635,NULL,1312886,1312886,1312886,NULL,LIMIT,SELL,1,15,2018-08-30T04:35:57.824,2018-08-30T04:35:57.827
choice-moving,Surfer10@bmm,4848,321,6652,6652,636,NULL,1312887,1312887,1312887,1312955,LIMIT,SELL,1,1,2018-08-30T04:35:59.940,2018-08-30T04:37:26.592
choice-moving,Surfer12@bmm,4850,321,6652,6652,635,NULL,1312888,1312888,1312888,NULL,LIMIT,SELL,1,8,2018-08-30T04:36:01.331,2018-08-30T04:36:01.334
choice-moving,Surfer2@bmm,4840,321,6652,6652,634,NULL,1312889,1312889,1312889,1312853,LIMIT,BUY,1,100,2018-08-30T04:36:01.938,2018-08-30T04:36:01.945
choice-moving,Surfer15@bmm,4853,321,6652,6652,637,NULL,1312890,1312890,1312890,NULL,LIMIT,SELL,1,61,2018-08-30T04:36:03.276,2018-08-30T04:36:03.279
choice-moving,Surfer12@bmm,4850,321,6652,6652,635,NULL,1312891,1312891,1312891,NULL,LIMIT,SELL,1,7,2018-08-30T04:36:05.288,2018-08-30T04:36:05.291
choice-moving,Surfer10@bmm,4848,321,6652,6652,636,NULL,1312892,1312760,1312760,1312760,CANCEL,SELL,1,12,2018-08-30T04:36:07.162,2018-08-30T04:36:07.168
choice-moving,Surfer19@bmm,4857,321,6652,6652,635,NULL,1312893,1312893,1312893,1312993,LIMIT,SELL,1,6,2018-08-30T04:36:09.278,2018-08-30T04:38:28.953
choice-moving,Surfer15@bmm,4853,321,6652,6652,637,NULL,1312894,1312894,1312894,NULL,LIMIT,SELL,1,90,2018-08-30T04:36:09.889,2018-08-30T04:36:09.893
choice-moving,Surfer5@bmm,4843,321,6652,6652,635,NULL,1312895,1312801,1312801,1312801,CANCEL,SELL,1,13,2018-08-30T04:36:13.081,2018-08-30T04:36:13.087
choice-moving,Surfer5@bmm,4843,321,6652,6652,635,NULL,1312896,1312800,1312800,1312800,CANCEL,SELL,1,13,2018-08-30T04:36:14.053,2018-08-30T04:36:14.059
choice-moving,Surfer19@bmm,4857,321,6652,6652,637,NULL,1312897,1312802,1312802,1312802,CANCEL,SELL,1,10,2018-08-30T04:36:14.091,2018-08-30T04:36:14.096
choice-moving,Surfer4@bmm,4842,321,6652,6652,636,NULL,1312898,1312719,1312719,1312719,CANCEL,SELL,1,23,2018-08-30T04:36:14.298,2018-08-30T04:36:14.305
choice-moving,Surfer5@bmm,4843,321,6652,6652,635,NULL,1312899,1312800,1312800,1312899,CANCEL,SELL,1,13,2018-08-30T04:36:14.339,2018-08-30T04:36:14.346
choice-moving,Surfer5@bmm,4843,321,6652,6652,635,NULL,1312900,1312799,1312799,1312799,CANCEL,SELL,1,13,2018-08-30T04:36:14.589,2018-08-30T04:36:14.595
choice-moving,Surfer5@bmm,4843,321,6652,6652,635,NULL,1312901,1312799,1312799,1312901,CANCEL,SELL,1,13,2018-08-30T04:36:14.774,2018-08-30T04:36:14.779
choice-moving,Surfer5@bmm,4843,321,6652,6652,635,NULL,1312902,1312798,1312798,1312798,CANCEL,SELL,1,13,2018-08-30T04:36:14.915,2018-08-30T04:36:14.920
choice-moving,Surfer15@bmm,4853,321,6652,6652,637,NULL,1312903,1312903,1312903,NULL,LIMIT,SELL,1,100,2018-08-30T04:36:15.044,2018-08-30T04:36:15.048
choice-moving,Surfer5@bmm,4843,321,6652,6652,635,NULL,1312904,1312796,1312796,1312796,CANCEL,SELL,1,13,2018-08-30T04:36:15.364,2018-08-30T04:36:15.369
choice-moving,Surfer5@bmm,4843,321,6652,6652,635,NULL,1312905,1312796,1312796,1312905,CANCEL,SELL,1,13,2018-08-30T04:36:15.516,2018-08-30T04:36:15.523
choice-moving,Surfer17@bmm,4855,321,6652,6652,635,NULL,1312906,1312906,1312906,NULL,LIMIT,SELL,1,8,2018-08-30T04:36:15.526,2018-08-30T04:36:15.531
choice-moving,Surfer5@bmm,4843,321,6652,6652,635,NULL,1312907,1312793,1312793,1312793,CANCEL,SELL,1,13,2018-08-30T04:36:15.992,2018-08-30T04:36:15.997
choice-moving,Surfer5@bmm,4843,321,6652,6652,635,NULL,1312908,1312793,1312793,1312908,CANCEL,SELL,1,13,2018-08-30T04:36:16.159,2018-08-30T04:36:16.166
choice-moving,Surfer5@bmm,4843,321,6652,6652,635,NULL,1312909,1312792,1312792,1312792,CANCEL,SELL,1,13,2018-08-30T04:36:16.682,2018-08-30T04:36:16.687
choice-moving,Surfer5@bmm,4843,321,6652,6652,635,NULL,1312910,1312792,1312792,1312910,CANCEL,SELL,1,13,2018-08-30T04:36:16.819,2018-08-30T04:36:16.824
choice-moving,Surfer10@bmm,4848,321,6652,6652,636,NULL,1312911,1312911,1312911,1312981,LIMIT,SELL,1,2,2018-08-30T04:36:17.093,2018-08-30T04:38:08.670
choice-moving,Surfer5@bmm,4843,321,6652,6652,635,NULL,1312912,1312789,1312789,1312789,CANCEL,SELL,1,13,2018-08-30T04:36:17.276,2018-08-30T04:36:17.282
choice-moving,Surfer5@bmm,4843,321,6652,6652,635,NULL,1312913,1312789,1312789,1312913,CANCEL,SELL,1,13,2018-08-30T04:36:17.444,2018-08-30T04:36:17.449
choice-moving,Surfer5@bmm,4843,321,6652,6652,635,NULL,1312914,1312784,1312784,1312784,CANCEL,SELL,1,13,2018-08-30T04:36:18.221,2018-08-30T04:36:18.229
choice-moving,Surfer13@bmm,4851,321,6652,6652,637,NULL,1312915,1312915,1312915,NULL,LIMIT,SELL,1,32,2018-08-30T04:36:18.282,2018-08-30T04:36:18.286
choice-moving,Surfer5@bmm,4843,321,6652,6652,635,NULL,1312916,1312784,1312784,1312916,CANCEL,SELL,1,13,2018-08-30T04:36:18.362,2018-08-30T04:36:18.367
choice-moving,Surfer5@bmm,4843,321,6652,6652,635,NULL,1312917,1312857,1312857,1312857,CANCEL,SELL,1,11,2018-08-30T04:36:19.208,2018-08-30T04:36:19.215
choice-moving,Surfer5@bmm,4843,321,6652,6652,635,NULL,1312918,1312857,1312857,1312918,CANCEL,SELL,1,11,2018-08-30T04:36:19.335,2018-08-30T04:36:19.342
choice-moving,Surfer3@bmm,4841,321,6652,6652,635,NULL,1312919,1312919,1312919,NULL,LIMIT,SELL,1,5,2018-08-30T04:36:21.256,2018-08-30T04:36:21.259
choice-moving,Surfer7@bmm,4845,321,6652,6652,637,NULL,1312920,1312866,1312866,1312866,CANCEL,SELL,1,5,2018-08-30T04:36:22.556,2018-08-30T04:36:22.562
choice-moving,Surfer19@bmm,4857,321,6652,6652,634,NULL,1312921,1312751,1312751,1312751,CANCEL,BUY,1,80,2018-08-30T04:36:24.627,2018-08-30T04:36:24.633
choice-moving,Surfer13@bmm,4851,321,6652,6652,637,NULL,1312922,1312922,1312922,NULL,LIMIT,SELL,1,45,2018-08-30T04:36:26.432,2018-08-30T04:36:26.435
choice-moving,Surfer17@bmm,4855,321,6652,6652,635,NULL,1312923,1312923,1312923,NULL,LIMIT,SELL,1,8,2018-08-30T04:36:29.155,2018-08-30T04:36:29.158
choice-moving,Surfer17@bmm,4855,321,6652,6652,635,NULL,1312924,1312924,1312924,NULL,LIMIT,SELL,1,8,2018-08-30T04:36:29.403,2018-08-30T04:36:29.408
choice-moving,Surfer17@bmm,4855,321,6652,6652,635,NULL,1312925,1312925,1312925,NULL,LIMIT,SELL,1,8,2018-08-30T04:36:29.654,2018-08-30T04:36:29.657
choice-moving,Surfer1@bmm,4839,321,6652,6652,635,NULL,1312926,1312926,1312926,1313006,LIMIT,SELL,1,4,2018-08-30T04:36:32.576,2018-08-30T04:38:52.920
choice-moving,Surfer13@bmm,4851,321,6652,6652,634,NULL,1312927,1312927,1312927,NULL,LIMIT,BUY,1,1,2018-08-30T04:36:35.148,2018-08-30T04:36:35.150
choice-moving,Surfer4@bmm,4842,321,6652,6652,634,NULL,1312928,1312928,1312928,NULL,LIMIT,BUY,6,99,2018-08-30T04:36:37.297,2018-08-30T04:36:37.300
choice-moving,Surfer10@bmm,4848,321,6652,6652,636,NULL,1312929,1312858,1312858,1312858,CANCEL,SELL,1,5,2018-08-30T04:36:38.118,2018-08-30T04:36:38.124
choice-moving,Surfer19@bmm,4857,321,6652,6652,635,NULL,1312930,1312930,1312930,1312947,LIMIT,SELL,1,1,2018-08-30T04:36:38.533,2018-08-30T04:37:19.233
choice-moving,Surfer17@bmm,4855,321,6652,6652,637,NULL,1312931,1312931,1312931,NULL,LIMIT,SELL,1,6,2018-08-30T04:36:39.075,2018-08-30T04:36:39.078
choice-moving,Surfer17@bmm,4855,321,6652,6652,637,NULL,1312932,1312932,1312932,NULL,LIMIT,SELL,1,6,2018-08-30T04:36:39.226,2018-08-30T04:36:39.229
choice-moving,Surfer17@bmm,4855,321,6652,6652,637,NULL,1312933,1312933,1312933,NULL,LIMIT,SELL,1,6,2018-08-30T04:36:39.398,2018-08-30T04:36:39.401
choice-moving,Surfer17@bmm,4855,321,6652,6652,637,NULL,1312934,1312934,1312934,NULL,LIMIT,SELL,1,6,2018-08-30T04:36:39.549,2018-08-30T04:36:39.551
choice-moving,Surfer13@bmm,4851,321,6652,6652,634,NULL,1312935,1312935,1312935,NULL,LIMIT,BUY,1,5,2018-08-30T04:36:39.566,2018-08-30T04:36:39.568
choice-moving,Surfer7@bmm,4845,321,6652,6652,636,NULL,1312936,1312842,1312842,1312842,CANCEL,SELL,1,2,2018-08-30T04:36:42.114,2018-08-30T04:36:42.120
choice-moving,Surfer19@bmm,4857,321,6652,6652,637,NULL,1312937,1312937,1312937,NULL,LIMIT,SELL,1,1,2018-08-30T04:36:42.142,2018-08-30T04:36:42.145
choice-moving,Surfer15@bmm,4853,321,6652,6652,635,NULL,1312938,1312938,1312938,NULL,LIMIT,SELL,1,40,2018-08-30T04:36:42.452,2018-08-30T04:36:42.455
choice-moving,Surfer12@bmm,4850,321,6652,6652,636,NULL,1312939,1312939,1312939,1312956,LIMIT,SELL,1,1,2018-08-30T04:36:42.532,2018-08-30T04:37:26.592
choice-moving,Surfer10@bmm,4848,321,6652,6652,636,NULL,1312940,1312940,1312940,1312957,LIMIT,SELL,1,1,2018-08-30T04:36:48.080,2018-08-30T04:37:26.593
choice-moving,Surfer19@bmm,4857,321,6652,6652,635,NULL,1312941,1312855,1312855,1312855,CANCEL,SELL,1,10,2018-08-30T04:36:49.447,2018-08-30T04:36:49.454
choice-moving,Surfer15@bmm,4853,321,6652,6652,635,NULL,1312942,1312942,1312942,NULL,LIMIT,SELL,1,70,2018-08-30T04:36:49.487,2018-08-30T04:36:49.491
choice-moving,Surfer15@bmm,4853,321,6652,6652,635,NULL,1312943,1312943,1312943,NULL,LIMIT,SELL,1,100,2018-08-30T04:36:51.779,2018-08-30T04:36:51.782
choice-moving,Surfer13@bmm,4851,321,6652,6652,635,NULL,1312944,1312944,1312944,NULL,LIMIT,SELL,1,11,2018-08-30T04:37:04.450,2018-08-30T04:37:04.453
choice-moving,Surfer18@bmm,4856,321,6652,6652,636,NULL,1312945,1312945,1312945,NULL,LIMIT,SELL,1,13,2018-08-30T04:37:08.125,2018-08-30T04:37:08.127
choice-moving,Surfer13@bmm,4851,321,6652,6652,635,NULL,1312946,1312946,1312946,NULL,LIMIT,SELL,1,15,2018-08-30T04:37:12.307,2018-08-30T04:37:12.310
choice-moving,Surfer2@bmm,4840,321,6652,6652,635,NULL,1312947,1312947,1312947,1312930,LIMIT,BUY,1,1,2018-08-30T04:37:19.227,2018-08-30T04:37:19.233
choice-moving,Surfer11@bmm,4849,321,6652,6652,635,NULL,1312948,1312948,1312948,1312980,LIMIT,SELL,1,1,2018-08-30T04:37:19.483,2018-08-30T04:38:08.224
choice-moving,Surfer13@bmm,4851,321,6652,6652,637,NULL,1312949,1312949,1312949,NULL,LIMIT,SELL,1,10,2018-08-30T04:37:26.064,2018-08-30T04:37:26.067
choice-moving,Surfer2@bmm,4840,321,6652,6652,636,NULL,1312950,1312950,1312950,0,LIMIT,BUY,7,1,2018-08-30T04:37:26.544,2018-08-30T04:37:26.590
choice-moving,Surfer2@bmm,4840,321,6652,6652,636,NULL,1312951,1312950,1312950,1312832,LIMIT,BUY,1,1,2018-08-30T04:37:26.551,2018-08-30T04:37:26.591
choice-moving,Surfer2@bmm,4840,321,6652,6652,636,NULL,1312952,1312950,1312950,1312833,LIMIT,BUY,1,1,2018-08-30T04:37:26.556,2018-08-30T04:37:26.591
choice-moving,Surfer2@bmm,4840,321,6652,6652,636,NULL,1312953,1312950,1312950,1312834,LIMIT,BUY,1,1,2018-08-30T04:37:26.564,2018-08-30T04:37:26.591
choice-moving,Surfer2@bmm,4840,321,6652,6652,636,NULL,1312954,1312950,1312950,1312868,LIMIT,BUY,1,1,2018-08-30T04:37:26.570,2018-08-30T04:37:26.592
choice-moving,Surfer2@bmm,4840,321,6652,6652,636,NULL,1312955,1312950,1312950,1312887,LIMIT,BUY,1,1,2018-08-30T04:37:26.574,2018-08-30T04:37:26.592
choice-moving,Surfer2@bmm,4840,321,6652,6652,636,NULL,1312956,1312950,1312950,1312939,LIMIT,BUY,1,1,2018-08-30T04:37:26.579,2018-08-30T04:37:26.593
choice-moving,Surfer2@bmm,4840,321,6652,6652,636,NULL,1312957,1312950,1312950,1312940,LIMIT,BUY,1,1,2018-08-30T04:37:26.586,2018-08-30T04:37:26.593
choice-moving,Surfer19@bmm,4857,321,6652,6652,637,NULL,1312958,1312958,1312958,NULL,LIMIT,SELL,1,1,2018-08-30T04:37:28.354,2018-08-30T04:37:28.357
choice-moving,Surfer12@bmm,4850,321,6652,6652,636,NULL,1312959,1312959,1312959,1312985,LIMIT,SELL,1,1,2018-08-30T04:37:31.271,2018-08-30T04:38:14.818
choice-moving,Surfer4@bmm,4842,321,6652,6652,636,NULL,1312960,1312960,1312960,1312992,LIMIT,SELL,1,1,2018-08-30T04:37:33.472,2018-08-30T04:38:24.185
choice-moving,Surfer19@bmm,4857,321,6652,6652,635,NULL,1312961,1312961,1312961,NULL,LIMIT,SELL,1,1,2018-08-30T04:37:34.854,2018-08-30T04:37:34.856
choice-moving,Surfer16@bmm,4854,321,6652,6652,636,NULL,1312962,1312823,1312823,1312823,CANCEL,SELL,1,2,2018-08-30T04:37:36.383,2018-08-30T04:37:36.389
choice-moving,Surfer16@bmm,4854,321,6652,6652,636,NULL,1312963,1312823,1312823,1312963,CANCEL,SELL,1,2,2018-08-30T04:37:36.644,2018-08-30T04:37:36.649
choice-moving,Surfer16@bmm,4854,321,6652,6652,636,NULL,1312964,1312821,1312821,1312821,CANCEL,SELL,1,2,2018-08-30T04:37:37.447,2018-08-30T04:37:37.452
choice-moving,Surfer16@bmm,4854,321,6652,6652,636,NULL,1312965,1312818,1312818,1312818,CANCEL,SELL,1,2,2018-08-30T04:37:37.955,2018-08-30T04:37:37.961
choice-moving,Surfer16@bmm,4854,321,6652,6652,636,NULL,1312966,1312816,1312816,1312816,CANCEL,SELL,1,2,2018-08-30T04:37:38.534,2018-08-30T04:37:38.539
choice-moving,Surfer4@bmm,4842,321,6652,6652,636,NULL,1312967,1312967,1312967,NULL,LIMIT,SELL,1,1,2018-08-30T04:37:38.576,2018-08-30T04:37:38.578
choice-moving,Surfer13@bmm,4851,321,6652,6652,637,NULL,1312968,1312968,1312968,1312969,LIMIT,BUY,1,1,2018-08-30T04:37:39.404,2018-08-30T04:37:39.418
choice-moving,Surfer9@bmm,4847,321,6652,6652,637,NULL,1312969,1312874,1312876,1312968,LIMIT,SELL,1,1,2018-08-30T04:37:39.412,2018-08-30T04:37:39.418
choice-moving,Surfer9@bmm,4847,321,6652,6652,637,NULL,1312970,1312874,1312876,0,LIMIT,SELL,2,1,2018-08-30T04:35:30.417,2018-08-30T04:38:16.254
choice-moving,Surfer4@bmm,4842,321,6652,6652,636,NULL,1312971,1312971,1312971,NULL,LIMIT,SELL,1,1,2018-08-30T04:37:40.603,2018-08-30T04:37:40.606
choice-moving,Surfer11@bmm,4849,321,6652,6652,637,NULL,1312972,1312972,1312972,1312983,LIMIT,SELL,4,2,2018-08-30T04:37:41.007,2018-08-30T04:38:14.084
choice-moving,Surfer12@bmm,4850,321,6652,6652,636,NULL,1312973,1312729,1312729,1312729,CANCEL,SELL,1,20,2018-08-30T04:37:42.884,2018-08-30T04:37:42.894
choice-moving,Surfer4@bmm,4842,321,6652,6652,636,NULL,1312974,1312974,1312974,NULL,LIMIT,SELL,1,1,2018-08-30T04:37:43.316,2018-08-30T04:37:43.319
choice-moving,Surfer8@bmm,4846,321,6652,6652,636,NULL,1312975,1312975,1312975,NULL,LIMIT,SELL,1,1,2018-08-30T04:37:43.805,2018-08-30T04:37:43.808
choice-moving,Surfer12@bmm,4850,321,6652,6652,636,NULL,1312976,1312976,1312976,NULL,LIMIT,SELL,1,1,2018-08-30T04:37:44.621,2018-08-30T04:37:44.624
choice-moving,Surfer16@bmm,4854,321,6652,6652,636,NULL,1312977,1312977,1312977,NULL,LIMIT,SELL,4,1,2018-08-30T04:37:45.150,2018-08-30T04:37:45.153
choice-moving,Surfer19@bmm,4857,321,6652,6652,635,NULL,1312978,1312978,1312978,NULL,LIMIT,SELL,1,1,2018-08-30T04:37:49.617,2018-08-30T04:37:49.619
choice-moving,Surfer13@bmm,4851,321,6652,6652,634,NULL,1312979,1312979,1312979,NULL,LIMIT,BUY,1,10,2018-08-30T04:38:04.321,2018-08-30T04:38:04.324
choice-moving,Surfer2@bmm,4840,321,6652,6652,635,NULL,1312980,1312980,1312980,1312948,LIMIT,BUY,1,1,2018-08-30T04:38:08.217,2018-08-30T04:38:08.224
choice-moving,Surfer10@bmm,4848,321,6652,6652,636,NULL,1312981,1312911,1312911,1312911,CANCEL,SELL,1,2,2018-08-30T04:38:08.664,2018-08-30T04:38:08.670
choice-moving,Surfer3@bmm,4841,321,6652,6652,637,NULL,1312982,1312982,1312982,NULL,LIMIT,SELL,1,1,2018-08-30T04:38:11.730,2018-08-30T04:38:11.733
choice-moving,Surfer11@bmm,4849,321,6652,6652,637,NULL,1312983,1312972,1312972,1312972,CANCEL,SELL,4,2,2018-08-30T04:38:14.077,2018-08-30T04:38:14.084
choice-moving,Surfer8@bmm,4846,321,6652,6652,636,NULL,1312984,1312984,1312984,0,LIMIT,BUY,1,10,2018-08-30T04:38:14.809,2018-08-30T04:38:14.818
choice-moving,Surfer8@bmm,4846,321,6652,6652,636,NULL,1312985,1312984,1312984,1312959,LIMIT,BUY,1,1,2018-08-30T04:38:14.814,2018-08-30T04:38:14.818
choice-moving,Surfer10@bmm,4848,321,6652,6652,636,NULL,1312986,1312986,1312986,NULL,LIMIT,SELL,1,1,2018-08-30T04:38:15.843,2018-08-30T04:38:15.846
choice-moving,Surfer2@bmm,4840,321,6652,6652,637,NULL,1312987,1312987,1312987,1312988,LIMIT,BUY,1,1,2018-08-30T04:38:16.241,2018-08-30T04:38:16.253
choice-moving,Surfer9@bmm,4847,321,6652,6652,637,NULL,1312988,1312874,1312970,1312987,LIMIT,SELL,1,1,2018-08-30T04:38:16.247,2018-08-30T04:38:16.254
choice-moving,Surfer9@bmm,4847,321,6652,6652,637,NULL,1312989,1312874,1312970,1312999,LIMIT,SELL,1,1,2018-08-30T04:35:30.417,2018-08-30T04:38:46.018
choice-moving,Surfer11@bmm,4849,321,6652,6652,635,NULL,1312990,1312990,1312990,1312995,LIMIT,SELL,1,1,2018-08-30T04:38:22.998,2018-08-30T04:38:35.886
choice-moving,Surfer8@bmm,4846,321,6652,6652,636,NULL,1312991,1312991,1312991,0,LIMIT,BUY,1,20,2018-08-30T04:38:24.175,2018-08-30T04:38:24.185
choice-moving,Surfer8@bmm,4846,321,6652,6652,636,NULL,1312992,1312991,1312991,1312960,LIMIT,BUY,1,1,2018-08-30T04:38:24.181,2018-08-30T04:38:24.185
choice-moving,Surfer19@bmm,4857,321,6652,6652,635,NULL,1312993,1312893,1312893,1312893,CANCEL,SELL,1,6,2018-08-30T04:38:28.947,2018-08-30T04:38:28.953
choice-moving,Surfer7@bmm,4845,321,6652,6652,636,NULL,1312994,1312994,1312994,NULL,LIMIT,SELL,1,1,2018-08-30T04:38:33.844,2018-08-30T04:38:33.846
choice-moving,Surfer11@bmm,4849,321,6652,6652,635,NULL,1312995,1312990,1312990,1312990,CANCEL,SELL,1,1,2018-08-30T04:38:35.875,2018-08-30T04:38:35.886
choice-moving,Surfer11@bmm,4849,321,6652,6652,635,NULL,1312996,1312996,1312996,1313002,LIMIT,SELL,1,1,2018-08-30T04:38:38.045,2018-08-30T04:38:50.191
choice-moving,Surfer7@bmm,4845,321,6652,6652,637,NULL,1312997,1312997,1312997,NULL,LIMIT,SELL,1,1,2018-08-30T04:38:39.790,2018-08-30T04:38:39.795
choice-moving,Surfer8@bmm,4846,321,6652,6652,637,NULL,1312998,1312998,1312998,0,LIMIT,BUY,1,7,2018-08-30T04:38:46.005,2018-08-30T04:38:46.017
choice-moving,Surfer8@bmm,4846,321,6652,6652,637,NULL,1312999,1312998,1312998,1312989,LIMIT,BUY,1,1,2018-08-30T04:38:46.013,2018-08-30T04:38:46.018
choice-moving,Surfer11@bmm,4849,321,6652,6652,637,NULL,1313000,1313000,1313000,1313001,LIMIT,SELL,4,1,2018-08-30T04:38:48.113,2018-08-30T04:38:49.452
choice-moving,Surfer11@bmm,4849,321,6652,6652,637,NULL,1313001,1313000,1313000,1313000,CANCEL,SELL,4,1,2018-08-30T04:38:49.446,2018-08-30T04:38:49.452
choice-moving,Surfer11@bmm,4849,321,6652,6652,635,NULL,1313002,1312996,1312996,1312996,CANCEL,SELL,1,1,2018-08-30T04:38:50.186,2018-08-30T04:38:50.191
choice-moving,Surfer1@bmm,4839,321,6652,6652,634,NULL,1313003,1312702,1312702,1312702,CANCEL,BUY,1,29,2018-08-30T04:38:51.518,2018-08-30T04:38:51.524
choice-moving,Surfer1@bmm,4839,321,6652,6652,634,NULL,1313004,1312702,1312702,1313004,CANCEL,BUY,1,29,2018-08-30T04:38:51.768,2018-08-30T04:38:51.773
choice-moving,Surfer13@bmm,4851,321,6652,6652,637,NULL,1313005,1313005,1313005,NULL,LIMIT,SELL,1,6,2018-08-30T04:38:52.745,2018-08-30T04:38:52.748
choice-moving,Surfer1@bmm,4839,321,6652,6652,635,NULL,1313006,1312926,1312926,1312926,CANCEL,SELL,1,4,2018-08-30T04:38:52.913,2018-08-30T04:38:52.919
choice-moving,Surfer1@bmm,4839,321,6652,6652,637,NULL,1313007,1312691,1312691,1312691,CANCEL,SELL,1,17,2018-08-30T04:38:54.661,2018-08-30T04:38:54.666
choice-moving,Surfer1@bmm,4839,321,6652,6652,637,NULL,1313008,1312690,1312690,1312690,CANCEL,SELL,1,17,2018-08-30T04:38:55.361,2018-08-30T04:38:55.367
choice-moving,Surfer1@bmm,4839,321,6652,6652,637,NULL,1313009,1312690,1312690,1313009,CANCEL,SELL,1,17,2018-08-30T04:38:55.537,2018-08-30T04:38:55.544
choice-moving,Surfer1@bmm,4839,321,6652,6652,637,NULL,1313010,1312689,1312689,1312689,CANCEL,SELL,1,17,2018-08-30T04:38:56.308,2018-08-30T04:38:56.313
choice-moving,Surfer1@bmm,4839,321,6652,6652,635,NULL,1313011,1312694,1312694,1312694,CANCEL,SELL,1,78,2018-08-30T04:38:59.415,2018-08-30T04:38:59.420