account,email,owner,marketplace,session,period,market,target,order,original,supplier,consumer,type,side,units,price,createdDate,lastModifiedDate
choice-moving,Surfer17@bmm,4855,323,6654,6654,642,NULL,1313417,1313417,1313417,NULL,LIMIT,BUY,1,39,2018-08-30T04:50:29.143,2018-08-30T04:50:29.146
choice-moving,Surfer17@bmm,4855,323,6654,6654,642,NULL,1313418,1313418,1313418,NULL,LIMIT,BUY,1,37,2018-08-30T04:50:32.334,2018-08-30T04:50:32.341
choice-moving,Surfer12@bmm,4850,323,6654,6654,644,NULL,1313419,1313419,1313419,1313440,LIMIT,SELL,1,61,2018-08-30T04:50:33.011,2018-08-30T04:51:05.422
choice-moving,Surfer17@bmm,4855,323,6654,6654,642,NULL,1313420,1313420,1313420,NULL,LIMIT,BUY,1,35,2018-08-30T04:50:33.669,2018-08-30T04:50:33.672
choice-moving,Surfer4@bmm,4842,323,6654,6654,642,NULL,1313421,1313421,1313421,1313466,LIMIT,BUY,1,40,2018-08-30T04:50:34.442,2018-08-30T04:51:26.761
choice-moving,Surfer17@bmm,4855,323,6654,6654,642,NULL,1313422,1313422,1313422,NULL,LIMIT,BUY,1,34,2018-08-30T04:50:35.322,2018-08-30T04:50:35.325
choice-moving,Surfer17@bmm,4855,323,6654,6654,642,NULL,1313423,1313423,1313423,NULL,LIMIT,BUY,1,33,2018-08-30T04:50:36.971,2018-08-30T04:50:36.973
choice-moving,Surfer6@bmm,4844,323,6654,6654,642,NULL,1313424,1313424,1313424,1313533,LIMIT,BUY,1,57,2018-08-30T04:50:42.829,2018-08-30T04:52:31.675
choice-moving,Surfer6@bmm,4844,323,6654,6654,642,NULL,1313425,1313425,1313425,1313465,LIMIT,BUY,1,57,2018-08-30T04:50:43.072,2018-08-30T04:51:26.147
choice-moving,Surfer17@bmm,4855,323,6654,6654,643,NULL,1313426,1313426,1313426,NULL,LIMIT,BUY,1,7,2018-08-30T04:50:43.768,2018-08-30T04:50:43.771
choice-moving,Surfer17@bmm,4855,323,6654,6654,643,NULL,1313427,1313427,1313427,NULL,LIMIT,BUY,1,47,2018-08-30T04:50:46.501,2018-08-30T04:50:46.504
choice-moving,Surfer17@bmm,4855,323,6654,6654,643,NULL,1313428,1313428,1313428,NULL,LIMIT,BUY,1,56,2018-08-30T04:50:48.082,2018-08-30T04:50:48.086
choice-moving,Surfer6@bmm,4844,323,6654,6654,643,NULL,1313429,1313429,1313429,1313456,LIMIT,BUY,1,51,2018-08-30T04:50:49.951,2018-08-30T04:51:17.431
choice-moving,Surfer17@bmm,4855,323,6654,6654,643,NULL,1313430,1313430,1313430,NULL,LIMIT,BUY,1,36,2018-08-30T04:50:50.509,2018-08-30T04:50:50.512
choice-moving,Surfer17@bmm,4855,323,6654,6654,643,NULL,1313431,1313431,1313431,NULL,LIMIT,BUY,1,52,2018-08-30T04:50:51.898,2018-08-30T04:50:51.901
choice-moving,Surfer6@bmm,4844,323,6654,6654,643,NULL,1313432,1313432,1313432,1313436,LIMIT,BUY,1,66,2018-08-30T04:50:52.857,2018-08-30T04:50:59.103
choice-moving,Surfer6@bmm,4844,323,6654,6654,643,NULL,1313433,1313433,1313433,1313437,LIMIT,BUY,1,66,2018-08-30T04:50:53.150,2018-08-30T04:51:00.635
choice-moving,Surfer7@bmm,4845,323,6654,6654,645,NULL,1313434,1313434,1313434,1313805,LIMIT,SELL,1,50,2018-08-30T04:50:56.378,2018-08-30T04:56:56.360
choice-moving,Surfer17@bmm,4855,323,6654,6654,642,NULL,1313435,1313435,1313435,NULL,LIMIT,BUY,1,38,2018-08-30T04:50:56.771,2018-08-30T04:50:56.774
choice-moving,Surfer5@bmm,4843,323,6654,6654,643,NULL,1313436,1313436,1313436,1313432,LIMIT,SELL,1,66,2018-08-30T04:50:59.096,2018-08-30T04:50:59.103
choice-moving,Surfer5@bmm,4843,323,6654,6654,643,NULL,1313437,1313437,1313437,1313433,LIMIT,SELL,1,66,2018-08-30T04:51:00.628,2018-08-30T04:51:00.634
choice-moving,Surfer3@bmm,4841,323,6654,6654,645,NULL,1313438,1313438,1313438,1313633,LIMIT,SELL,1,8,2018-08-30T04:51:01.848,2018-08-30T04:53:55.900
choice-moving,Surfer11@bmm,4849,323,6654,6654,645,NULL,1313439,1313439,1313439,1313441,LIMIT,SELL,1,47,2018-08-30T04:51:05.033,2018-08-30T04:51:07.095
choice-moving,Surfer14@bmm,4852,323,6654,6654,644,NULL,1313440,1313440,1313440,1313419,LIMIT,BUY,1,61,2018-08-30T04:51:05.410,2018-08-30T04:51:05.422
choice-moving,Surfer11@bmm,4849,323,6654,6654,645,NULL,1313441,1313439,1313439,1313439,CANCEL,SELL,1,47,2018-08-30T04:51:07.090,2018-08-30T04:51:07.095
choice-moving,Surfer19@bmm,4857,323,6654,6654,642,NULL,1313442,1313442,1313442,1313634,LIMIT,BUY,1,58,2018-08-30T04:51:08.743,2018-08-30T04:53:55.940
choice-moving,Surfer4@bmm,4842,323,6654,6654,643,NULL,1313443,1313443,1313443,1313472,LIMIT,BUY,1,57,2018-08-30T04:51:09.009,2018-08-30T04:51:31.603
choice-moving,Surfer11@bmm,4849,323,6654,6654,645,NULL,1313444,1313444,1313444,1313453,LIMIT,SELL,1,48,2018-08-30T04:51:10.716,2018-08-30T04:51:16.937
choice-moving,Surfer4@bmm,4842,323,6654,6654,642,NULL,1313445,1313445,1313445,1313481,LIMIT,BUY,1,59,2018-08-30T04:51:13.360,2018-08-30T04:51:37.286
choice-moving,Surfer10@bmm,4848,323,6654,6654,644,NULL,1313446,1313446,1313446,1313458,LIMIT,SELL,1,59,2018-08-30T04:51:14.661,2018-08-30T04:51:18.586
choice-moving,Surfer19@bmm,4857,323,6654,6654,642,NULL,1313447,1313447,1313447,1313637,LIMIT,BUY,1,60,2018-08-30T04:51:14.685,2018-08-30T04:53:57.437
choice-moving,Surfer1@bmm,4839,323,6654,6654,645,NULL,1313448,1313448,1313448,1313788,LIMIT,SELL,1,38,2018-08-30T04:51:14.786,2018-08-30T04:56:46.081
choice-moving,Surfer1@bmm,4839,323,6654,6654,645,NULL,1313449,1313449,1313449,1313526,LIMIT,SELL,1,38,2018-08-30T04:51:15.019,2018-08-30T04:52:28.712
choice-moving,Surfer9@bmm,4847,323,6654,6654,645,NULL,1313450,1313450,1313450,1313523,LIMIT,SELL,1,1,2018-08-30T04:51:15.251,2018-08-30T04:52:23.105
choice-moving,Surfer1@bmm,4839,323,6654,6654,645,NULL,1313451,1313451,1313451,1313525,LIMIT,SELL,1,38,2018-08-30T04:51:15.705,2018-08-30T04:52:27.585
choice-moving,Surfer9@bmm,4847,323,6654,6654,645,NULL,1313452,1313452,1313452,1313532,LIMIT,SELL,1,1,2018-08-30T04:51:15.923,2018-08-30T04:52:31.419
choice-moving,Surfer11@bmm,4849,323,6654,6654,645,NULL,1313453,1313444,1313444,1313444,CANCEL,SELL,1,48,2018-08-30T04:51:16.931,2018-08-30T04:51:16.937
choice-moving,Surfer1@bmm,4839,323,6654,6654,645,NULL,1313454,1313454,1313454,1313524,LIMIT,SELL,1,38,2018-08-30T04:51:16.953,2018-08-30T04:52:27.126
choice-moving,Surfer9@bmm,4847,323,6654,6654,645,NULL,1313455,1313455,1313455,1313629,LIMIT,SELL,1,1,2018-08-30T04:51:17.204,2018-08-30T04:53:54.527
choice-moving,Surfer6@bmm,4844,323,6654,6654,643,NULL,1313456,1313429,1313429,1313429,CANCEL,BUY,1,51,2018-08-30T04:51:17.425,2018-08-30T04:51:17.431
choice-moving,Surfer14@bmm,4852,323,6654,6654,644,NULL,1313457,1313457,1313457,0,LIMIT,BUY,1,61,2018-08-30T04:51:18.566,2018-08-30T04:51:18.586
choice-moving,Surfer14@bmm,4852,323,6654,6654,644,NULL,1313458,1313457,1313457,1313446,LIMIT,BUY,1,59,2018-08-30T04:51:18.581,2018-08-30T04:51:18.586
choice-moving,Surfer9@bmm,4847,323,6654,6654,645,NULL,1313459,1313459,1313459,1313632,LIMIT,SELL,1,1,2018-08-30T04:51:18.793,2018-08-30T04:53:55.390
choice-moving,Surfer6@bmm,4844,323,6654,6654,643,NULL,1313460,1313460,1313460,1313519,LIMIT,BUY,1,66,2018-08-30T04:51:18.860,2018-08-30T04:52:18.610
choice-moving,Surfer6@bmm,4844,323,6654,6654,643,NULL,1313461,1313461,1313461,1313517,LIMIT,BUY,1,66,2018-08-30T04:51:20.455,2018-08-30T04:52:16.964
choice-moving,Surfer10@bmm,4848,323,6654,6654,643,NULL,1313462,1313462,1313462,1313642,LIMIT,BUY,1,79,2018-08-30T04:51:24.118,2018-08-30T04:54:03.215
choice-moving,Surfer16@bmm,4854,323,6654,6654,644,NULL,1313463,1313463,1313463,1313478,LIMIT,SELL,4,69,2018-08-30T04:51:25.430,2018-08-30T04:51:34.943
choice-moving,Surfer13@bmm,4851,323,6654,6654,643,NULL,1313464,1313464,1313464,NULL,LIMIT,BUY,1,21,2018-08-30T04:51:25.735,2018-08-30T04:51:25.738
choice-moving,Surfer6@bmm,4844,323,6654,6654,642,NULL,1313465,1313425,1313425,1313425,CANCEL,BUY,1,57,2018-08-30T04:51:26.142,2018-08-30T04:51:26.147
choice-moving,Surfer4@bmm,4842,323,6654,6654,642,NULL,1313466,1313421,1313421,1313421,CANCEL,BUY,1,40,2018-08-30T04:51:26.755,2018-08-30T04:51:26.761
choice-moving,Surfer1@bmm,4839,323,6654,6654,643,NULL,1313467,1313467,1313467,1313471,LIMIT,BUY,1,81,2018-08-30T04:51:27.597,2018-08-30T04:51:31.525
choice-moving,Surfer12@bmm,4850,323,6654,6654,644,NULL,1313468,1313468,1313468,1313536,LIMIT,SELL,1,64,2018-08-30T04:51:28.043,2018-08-30T04:52:33.349
choice-moving,Surfer1@bmm,4839,323,6654,6654,643,NULL,1313469,1313469,1313469,1313473,LIMIT,BUY,1,81,2018-08-30T04:51:28.333,2018-08-30T04:51:32.777
choice-moving,Surfer4@bmm,4842,323,6654,6654,642,NULL,1313470,1313470,1313470,1313484,LIMIT,BUY,1,61,2018-08-30T04:51:30.155,2018-08-30T04:51:42.263
choice-moving,Surfer5@bmm,4843,323,6654,6654,643,NULL,1313471,1313471,1313471,1313467,LIMIT,SELL,1,81,2018-08-30T04:51:31.517,2018-08-30T04:51:31.524
choice-moving,Surfer4@bmm,4842,323,6654,6654,643,NULL,1313472,1313443,1313443,1313443,CANCEL,BUY,1,57,2018-08-30T04:51:31.597,2018-08-30T04:51:31.603
choice-moving,Surfer5@bmm,4843,323,6654,6654,643,NULL,1313473,1313473,1313473,1313469,LIMIT,SELL,1,81,2018-08-30T04:51:32.770,2018-08-30T04:51:32.777
choice-moving,Surfer6@bmm,4844,323,6654,6654,642,NULL,1313474,1313474,1313474,1313540,LIMIT,BUY,1,66,2018-08-30T04:51:33.136,2018-08-30T04:52:34.681
choice-moving,Surfer6@bmm,4844,323,6654,6654,642,NULL,1313475,1313475,1313475,1313537,LIMIT,BUY,1,66,2018-08-30T04:51:33.424,2018-08-30T04:52:33.974
choice-moving,Surfer6@bmm,4844,323,6654,6654,642,NULL,1313476,1313476,1313476,1313535,LIMIT,BUY,1,66,2018-08-30T04:51:33.846,2018-08-30T04:52:33.292
choice-moving,Surfer6@bmm,4844,323,6654,6654,642,NULL,1313477,1313477,1313477,1313534,LIMIT,BUY,1,66,2018-08-30T04:51:34.494,2018-08-30T04:52:32.573
choice-moving,Surfer16@bmm,4854,323,6654,6654,644,NULL,1313478,1313463,1313463,1313463,CANCEL,SELL,4,69,2018-08-30T04:51:34.937,2018-08-30T04:51:34.943
choice-moving,Surfer4@bmm,4842,323,6654,6654,643,NULL,1313479,1313479,1313479,1313511,LIMIT,BUY,1,81,2018-08-30T04:51:35.380,2018-08-30T04:52:08.360
choice-moving,Surfer1@bmm,4839,323,6654,6654,642,NULL,1313480,1313480,1313480,NULL,LIMIT,BUY,1,84,2018-08-30T04:51:36.171,2018-08-30T04:51:36.174
choice-moving,Surfer4@bmm,4842,323,6654,6654,642,NULL,1313481,1313445,1313445,1313445,CANCEL,BUY,1,59,2018-08-30T04:51:37.280,2018-08-30T04:51:37.285
choice-moving,Surfer16@bmm,4854,323,6654,6654,644,NULL,1313482,1313482,1313482,0,LIMIT,SELL,4,55,2018-08-30T04:51:38.846,2018-08-30T04:51:44.784
choice-moving,Surfer4@bmm,4842,323,6654,6654,642,NULL,1313483,1313483,1313483,1313503,LIMIT,BUY,1,85,2018-08-30T04:51:41.008,2018-08-30T04:51:56.872
choice-moving,Surfer4@bmm,4842,323,6654,6654,642,NULL,1313484,1313470,1313470,1313470,CANCEL,BUY,1,61,2018-08-30T04:51:42.257,2018-08-30T04:51:42.263
choice-moving,Surfer11@bmm,4849,323,6654,6654,644,NULL,1313485,1313485,1313485,1313486,LIMIT,BUY,1,55,2018-08-30T04:51:44.772,2018-08-30T04:51:44.784
choice-moving,Surfer16@bmm,4854,323,6654,6654,644,NULL,1313486,1313482,1313482,1313485,LIMIT,SELL,1,55,2018-08-30T04:51:44.778,2018-08-30T04:51:44.784
choice-moving,Surfer16@bmm,4854,323,6654,6654,644,NULL,1313487,1313482,1313482,0,LIMIT,SELL,3,55,2018-08-30T04:51:38.846,2018-08-30T04:51:48.481
choice-moving,Surfer13@bmm,4851,323,6654,6654,645,NULL,1313488,1313488,1313488,NULL,LIMIT,SELL,1,6,2018-08-30T04:51:45.846,2018-08-30T04:51:45.849
choice-moving,Surfer11@bmm,4849,323,6654,6654,644,NULL,1313489,1313489,1313489,1313490,LIMIT,BUY,1,55,2018-08-30T04:51:48.467,2018-08-30T04:51:48.481
choice-moving,Surfer16@bmm,4854,323,6654,6654,644,NULL,1313490,1313482,1313487,1313489,LIMIT,SELL,1,55,2018-08-30T04:51:48.474,2018-08-30T04:51:48.481
choice-moving,Surfer16@bmm,4854,323,6654,6654,644,NULL,1313491,1313482,1313487,0,LIMIT,SELL,2,55,2018-08-30T04:51:38.846,2018-08-30T04:51:48.893
choice-moving,Surfer11@bmm,4849,323,6654,6654,644,NULL,1313492,1313492,1313492,1313493,LIMIT,BUY,1,55,2018-08-30T04:51:48.881,2018-08-30T04:51:48.893
choice-moving,Surfer16@bmm,4854,323,6654,6654,644,NULL,1313493,1313482,1313491,1313492,LIMIT,SELL,1,55,2018-08-30T04:51:48.887,2018-08-30T04:51:48.893
choice-moving,Surfer16@bmm,4854,323,6654,6654,644,NULL,1313494,1313482,1313491,1313495,LIMIT,SELL,1,55,2018-08-30T04:51:38.846,2018-08-30T04:51:49.651
choice-moving,Surfer11@bmm,4849,323,6654,6654,644,NULL,1313495,1313495,1313495,1313494,LIMIT,BUY,1,55,2018-08-30T04:51:49.644,2018-08-30T04:51:49.650
choice-moving,Surfer19@bmm,4857,323,6654,6654,645,NULL,1313496,1313496,1313496,1313544,LIMIT,SELL,1,50,2018-08-30T04:51:49.744,2018-08-30T04:52:37.860
choice-moving,Surfer15@bmm,4853,323,6654,6654,645,NULL,1313497,1313497,1313497,1313705,LIMIT,SELL,1,50,2018-08-30T04:51:50.996,2018-08-30T04:54:51.166
choice-moving,Surfer10@bmm,4848,323,6654,6654,644,NULL,1313498,1313498,1313498,1313606,LIMIT,SELL,1,59,2018-08-30T04:51:52.445,2018-08-30T04:53:30.099
choice-moving,Surfer6@bmm,4844,323,6654,6654,644,NULL,1313499,1313499,1313499,1313508,LIMIT,SELL,1,62,2018-08-30T04:51:54.701,2018-08-30T04:52:04.418
choice-moving,Surfer18@bmm,4856,323,6654,6654,644,NULL,1313500,1313500,1313500,NULL,LIMIT,SELL,1,67,2018-08-30T04:51:55.325,2018-08-30T04:51:55.328
choice-moving,Surfer13@bmm,4851,323,6654,6654,643,NULL,1313501,1313501,1313501,NULL,LIMIT,BUY,1,21,2018-08-30T04:51:56.413,2018-08-30T04:51:56.416
choice-moving,Surfer8@bmm,4846,323,6654,6654,642,NULL,1313502,1313502,1313502,0,LIMIT,SELL,1,80,2018-08-30T04:51:56.863,2018-08-30T04:51:56.872
choice-moving,Surfer8@bmm,4846,323,6654,6654,642,NULL,1313503,1313502,1313502,1313483,LIMIT,SELL,1,85,2018-08-30T04:51:56.869,2018-08-30T04:51:56.873
choice-moving,Surfer6@bmm,4844,323,6654,6654,644,NULL,1313504,1313504,1313504,1313592,LIMIT,SELL,1,54,2018-08-30T04:51:58.065,2018-08-30T04:53:16.458
choice-moving,Surfer6@bmm,4844,323,6654,6654,644,NULL,1313505,1313505,1313505,1313591,LIMIT,SELL,1,54,2018-08-30T04:51:58.485,2018-08-30T04:53:16.006
choice-moving,Surfer6@bmm,4844,323,6654,6654,644,NULL,1313506,1313506,1313506,1313587,LIMIT,SELL,1,54,2018-08-30T04:51:59.423,2018-08-30T04:53:14.580
choice-moving,Surfer4@bmm,4842,323,6654,6654,642,NULL,1313507,1313507,1313507,1313565,LIMIT,BUY,1,85,2018-08-30T04:52:02.473,2018-08-30T04:53:00.245
choice-moving,Surfer6@bmm,4844,323,6654,6654,644,NULL,1313508,1313499,1313499,1313499,CANCEL,SELL,1,62,2018-08-30T04:52:04.413,2018-08-30T04:52:04.418
choice-moving,Surfer11@bmm,4849,323,6654,6654,645,NULL,1313509,1313509,1313509,1313724,LIMIT,SELL,1,1,2018-08-30T04:52:05.646,2018-08-30T04:55:33.126
choice-moving,Surfer10@bmm,4848,323,6654,6654,643,NULL,1313510,1313510,1313510,1313655,LIMIT,BUY,1,84,2018-08-30T04:52:06.594,2018-08-30T04:54:09.272
choice-moving,Surfer4@bmm,4842,323,6654,6654,643,NULL,1313511,1313479,1313479,1313479,CANCEL,BUY,1,81,2018-08-30T04:52:08.354,2018-08-30T04:52:08.360
choice-moving,Surfer6@bmm,4844,323,6654,6654,644,NULL,1313512,1313512,1313512,1313585,LIMIT,SELL,1,50,2018-08-30T04:52:08.461,2018-08-30T04:53:13.244
choice-moving,Surfer1@bmm,4839,323,6654,6654,643,NULL,1313513,1313513,1313513,NULL,LIMIT,BUY,1,84,2018-08-30T04:52:10.142,2018-08-30T04:52:10.145
choice-moving,Surfer4@bmm,4842,323,6654,6654,643,NULL,1313514,1313514,1313514,1313531,LIMIT,BUY,1,85,2018-08-30T04:52:11.879,2018-08-30T04:52:31.107
choice-moving,Surfer2@bmm,4840,323,6654,6654,643,NULL,1313515,1313515,1313515,NULL,LIMIT,BUY,2,85,2018-08-30T04:52:16.114,2018-08-30T04:52:16.117
choice-moving,Surfer18@bmm,4856,323,6654,6654,644,NULL,1313516,1313516,1313516,1313802,LIMIT,SELL,1,21,2018-08-30T04:52:16.235,2018-08-30T04:56:53.861
choice-moving,Surfer6@bmm,4844,323,6654,6654,643,NULL,1313517,1313461,1313461,1313461,CANCEL,BUY,1,66,2018-08-30T04:52:16.958,2018-08-30T04:52:16.964
choice-moving,Surfer17@bmm,4855,323,6654,6654,645,NULL,1313518,1313518,1313518,1313760,LIMIT,SELL,1,2,2018-08-30T04:52:17.644,2018-08-30T04:56:03.763
choice-moving,Surfer6@bmm,4844,323,6654,6654,643,NULL,1313519,1313460,1313460,1313460,CANCEL,BUY,1,66,2018-08-30T04:52:18.604,2018-08-30T04:52:18.610
choice-moving,Surfer17@bmm,4855,323,6654,6654,645,NULL,1313520,1313520,1313520,1313725,LIMIT,SELL,1,1,2018-08-30T04:52:19.646,2018-08-30T04:55:33.379
choice-moving,Surfer10@bmm,4848,323,6654,6654,644,NULL,1313521,1313521,1313521,1313626,LIMIT,SELL,1,16,2018-08-30T04:52:21.423,2018-08-30T04:53:50.497
choice-moving,Surfer8@bmm,4846,323,6654,6654,645,NULL,1313522,1313522,1313522,0,LIMIT,BUY,1,20,2018-08-30T04:52:23.094,2018-08-30T04:52:23.105
choice-moving,Surfer8@bmm,4846,323,6654,6654,645,NULL,1313523,1313522,1313522,1313450,LIMIT,BUY,1,1,2018-08-30T04:52:23.101,2018-08-30T04:52:23.105
choice-moving,Surfer1@bmm,4839,323,6654,6654,645,NULL,1313524,1313454,1313454,1313454,CANCEL,SELL,1,38,2018-08-30T04:52:27.120,2018-08-30T04:52:27.126
choice-moving,Surfer1@bmm,4839,323,6654,6654,645,NULL,1313525,1313451,1313451,1313451,CANCEL,SELL,1,38,2018-08-30T04:52:27.580,2018-08-30T04:52:27.585
choice-moving,Surfer1@bmm,4839,323,6654,6654,645,NULL,1313526,1313449,1313449,1313449,CANCEL,SELL,1,38,2018-08-30T04:52:28.706,2018-08-30T04:52:28.711
choice-moving,Surfer6@bmm,4844,323,6654,6654,643,NULL,1313527,1313527,1313527,1313562,LIMIT,BUY,1,89,2018-08-30T04:52:28.796,2018-08-30T04:52:57.679
choice-moving,Surfer6@bmm,4844,323,6654,6654,643,NULL,1313528,1313528,1313528,1313560,LIMIT,BUY,1,89,2018-08-30T04:52:29.033,2018-08-30T04:52:56.203
choice-moving,Surfer6@bmm,4844,323,6654,6654,643,NULL,1313529,1313529,1313529,1313559,LIMIT,BUY,1,89,2018-08-30T04:52:29.271,2018-08-30T04:52:55.472
choice-moving,Surfer12@bmm,4850,323,6654,6654,644,NULL,1313530,1313530,1313530,1313617,LIMIT,SELL,1,13,2018-08-30T04:52:29.872,2018-08-30T04:53:42.807
choice-moving,Surfer4@bmm,4842,323,6654,6654,643,NULL,1313531,1313514,1313514,1313514,CANCEL,BUY,1,85,2018-08-30T04:52:31.102,2018-08-30T04:52:31.107
choice-moving,Surfer2@bmm,4840,323,6654,6654,645,NULL,1313532,1313532,1313532,1313452,LIMIT,BUY,1,1,2018-08-30T04:52:31.411,2018-08-30T04:52:31.418
choice-moving,Surfer6@bmm,4844,323,6654,6654,642,NULL,1313533,1313424,1313424,1313424,CANCEL,BUY,1,57,2018-08-30T04:52:31.669,2018-08-30T04:52:31.674
choice-moving,Surfer6@bmm,4844,323,6654,6654,642,NULL,1313534,1313477,1313477,1313477,CANCEL,BUY,1,66,2018-08-30T04:52:32.566,2018-08-30T04:52:32.573
choice-moving,Surfer6@bmm,4844,323,6654,6654,642,NULL,1313535,1313476,1313476,1313476,CANCEL,BUY,1,66,2018-08-30T04:52:33.286,2018-08-30T04:52:33.291
choice-moving,Surfer12@bmm,4850,323,6654,6654,644,NULL,1313536,1313468,1313468,1313468,CANCEL,SELL,1,64,2018-08-30T04:52:33.343,2018-08-30T04:52:33.349
choice-moving,Surfer6@bmm,4844,323,6654,6654,642,NULL,1313537,1313475,1313475,1313475,CANCEL,BUY,1,66,2018-08-30T04:52:33.969,2018-08-30T04:52:33.974
choice-moving,Surfer15@bmm,4853,323,6654,6654,642,NULL,1313538,1313538,1313538,1313547,LIMIT,BUY,1,100,2018-08-30T04:52:34.575,2018-08-30T04:52:40.938
choice-moving,Surfer11@bmm,4849,323,6654,6654,645,NULL,1313539,1313539,1313539,1313726,LIMIT,SELL,1,1,2018-08-30T04:52:34.582,2018-08-30T04:55:33.634
choice-moving,Surfer6@bmm,4844,323,6654,6654,642,NULL,1313540,1313474,1313474,1313474,CANCEL,BUY,1,66,2018-08-30T04:52:34.675,2018-08-30T04:52:34.681
choice-moving,Surfer4@bmm,4842,323,6654,6654,643,NULL,1313541,1313541,1313541,1313548,LIMIT,BUY,3,90,2018-08-30T04:52:34.884,2018-08-30T04:52:43.618
choice-moving,Surfer3@bmm,4841,323,6654,6654,645,NULL,1313542,1313542,1313542,1313727,LIMIT,SELL,1,1,2018-08-30T04:52:36.878,2018-08-30T04:55:33.782
choice-moving,Surfer17@bmm,4855,323,6654,6654,642,NULL,1313543,1313543,1313543,1313552,LIMIT,BUY,1,100,2018-08-30T04:52:37.340,2018-08-30T04:52:47.846
choice-moving,Surfer19@bmm,4857,323,6654,6654,645,NULL,1313544,1313496,1313496,1313496,CANCEL,SELL,1,50,2018-08-30T04:52:37.854,2018-08-30T04:52:37.860
choice-moving,Surfer3@bmm,4841,323,6654,6654,645,NULL,1313545,1313545,1313545,1313728,LIMIT,SELL,1,1,2018-08-30T04:52:38.486,2018-08-30T04:55:33.917
choice-moving,Surfer8@bmm,4846,323,6654,6654,642,NULL,1313546,1313546,1313546,0,LIMIT,SELL,1,95,2018-08-30T04:52:40.928,2018-08-30T04:52:40.938
choice-moving,Surfer8@bmm,4846,323,6654,6654,642,NULL,1313547,1313546,1313546,1313538,LIMIT,SELL,1,100,2018-08-30T04:52:40.935,2018-08-30T04:52:40.939
choice-moving,Surfer4@bmm,4842,323,6654,6654,643,NULL,1313548,1313541,1313541,1313541,CANCEL,BUY,3,90,2018-08-30T04:52:43.613,2018-08-30T04:52:43.618
choice-moving,Surfer17@bmm,4855,323,6654,6654,645,NULL,1313549,1313549,1313549,1313729,LIMIT,SELL,1,1,2018-08-30T04:52:46.389,2018-08-30T04:55:34.097
choice-moving,Surfer17@bmm,4855,323,6654,6654,645,NULL,1313550,1313550,1313550,1313730,LIMIT,SELL,1,1,2018-08-30T04:52:46.640,2018-08-30T04:55:34.268
choice-moving,Surfer4@bmm,4842,323,6654,6654,643,NULL,1313551,1313551,1313551,1313558,LIMIT,BUY,1,90,2018-08-30T04:52:47.246,2018-08-30T04:52:53.453
choice-moving,Surfer12@bmm,4850,323,6654,6654,642,NULL,1313552,1313552,1313552,1313543,LIMIT,SELL,1,100,2018-08-30T04:52:47.838,2018-08-30T04:52:47.845
choice-moving,Surfer13@bmm,4851,323,6654,6654,643,NULL,1313553,1313553,1313553,NULL,LIMIT,BUY,1,20,2018-08-30T04:52:48.402,2018-08-30T04:52:48.405
choice-moving,Surfer6@bmm,4844,323,6654,6654,643,NULL,1313554,1313554,1313554,1313580,LIMIT,BUY,1,93,2018-08-30T04:52:51.658,2018-08-30T04:53:10.621
choice-moving,Surfer6@bmm,4844,323,6654,6654,643,NULL,1313555,1313555,1313555,1313578,LIMIT,BUY,1,93,2018-08-30T04:52:51.820,2018-08-30T04:53:09.475
choice-moving,Surfer6@bmm,4844,323,6654,6654,643,NULL,1313556,1313556,1313556,1313575,LIMIT,BUY,1,93,2018-08-30T04:52:52.016,2018-08-30T04:53:08.406
choice-moving,Surfer6@bmm,4844,323,6654,6654,643,NULL,1313557,1313557,1313557,1313572,LIMIT,BUY,1,93,2018-08-30T04:52:52.192,2018-08-30T04:53:06.661
choice-moving,Surfer4@bmm,4842,323,6654,6654,643,NULL,1313558,1313551,1313551,1313551,CANCEL,BUY,1,90,2018-08-30T04:52:53.447,2018-08-30T04:52:53.452
choice-moving,Surfer6@bmm,4844,323,6654,6654,643,NULL,1313559,1313529,1313529,1313529,CANCEL,BUY,1,89,2018-08-30T04:52:55.466,2018-08-30T04:52:55.472
choice-moving,Surfer6@bmm,4844,323,6654,6654,643,NULL,1313560,1313528,1313528,1313528,CANCEL,BUY,1,89,2018-08-30T04:52:56.197,2018-08-30T04:52:56.203
choice-moving,Surfer4@bmm,4842,323,6654,6654,643,NULL,1313561,1313561,1313561,1313570,LIMIT,BUY,1,94,2018-08-30T04:52:57.656,2018-08-30T04:53:05.263
choice-moving,Surfer6@bmm,4844,323,6654,6654,643,NULL,1313562,1313527,1313527,1313527,CANCEL,BUY,1,89,2018-08-30T04:52:57.673,2018-08-30T04:52:57.678
choice-moving,Surfer15@bmm,4853,323,6654,6654,645,NULL,1313563,1313563,1313563,1313706,LIMIT,SELL,1,51,2018-08-30T04:52:57.888,2018-08-30T04:54:51.433
choice-moving,Surfer9@bmm,4847,323,6654,6654,642,NULL,1313564,1313564,1313564,1313668,LIMIT,BUY,1,95,2018-08-30T04:52:58.060,2018-08-30T04:54:14.221
choice-moving,Surfer4@bmm,4842,323,6654,6654,642,NULL,1313565,1313507,1313507,1313507,CANCEL,BUY,1,85,2018-08-30T04:53:00.239,2018-08-30T04:53:00.245
choice-moving,Surfer16@bmm,4854,323,6654,6654,643,NULL,1313566,1313566,1313566,NULL,LIMIT,BUY,2,94,2018-08-30T04:53:03.025,2018-08-30T04:53:03.027
choice-moving,Surfer4@bmm,4842,323,6654,6654,642,NULL,1313567,1313567,1313567,1313596,LIMIT,BUY,1,96,2018-08-30T04:53:03.136,2018-08-30T04:53:21.134
choice-moving,Surfer6@bmm,4844,323,6654,6654,643,NULL,1313568,1313568,1313568,NULL,LIMIT,BUY,1,96,2018-08-30T04:53:03.913,2018-08-30T04:53:03.916
choice-moving,Surfer6@bmm,4844,323,6654,6654,643,NULL,1313569,1313569,1313569,1313641,LIMIT,BUY,1,96,2018-08-30T04:53:04.647,2018-08-30T04:54:03.190
choice-moving,Surfer4@bmm,4842,323,6654,6654,643,NULL,1313570,1313561,1313561,1313561,CANCEL,BUY,1,94,2018-08-30T04:53:05.257,2018-08-30T04:53:05.262
choice-moving,Surfer9@bmm,4847,323,6654,6654,642,NULL,1313571,1313571,1313571,1313663,LIMIT,BUY,1,96,2018-08-30T04:53:05.870,2018-08-30T04:54:13.080
choice-moving,Surfer6@bmm,4844,323,6654,6654,643,NULL,1313572,1313557,1313557,1313557,CANCEL,BUY,1,93,2018-08-30T04:53:06.655,2018-08-30T04:53:06.661
choice-moving,Surfer10@bmm,4848,323,6654,6654,644,NULL,1313573,1313573,1313573,1313590,LIMIT,SELL,1,9,2018-08-30T04:53:07.273,2018-08-30T04:53:15.699
choice-moving,Surfer9@bmm,4847,323,6654,6654,642,NULL,1313574,1313574,1313574,1313661,LIMIT,BUY,1,97,2018-08-30T04:53:07.538,2018-08-30T04:54:11.780
choice-moving,Surfer6@bmm,4844,323,6654,6654,643,NULL,1313575,1313556,1313556,1313556,CANCEL,BUY,1,93,2018-08-30T04:53:08.400,2018-08-30T04:53:08.405
choice-moving,Surfer9@bmm,4847,323,6654,6654,642,NULL,1313576,1313576,1313576,1313656,LIMIT,BUY,1,98,2018-08-30T04:53:08.933,2018-08-30T04:54:10.600
choice-moving,Surfer11@bmm,4849,323,6654,6654,644,NULL,1313577,1313577,1313577,1313582,LIMIT,SELL,1,12,2018-08-30T04:53:09.072,2018-08-30T04:53:10.694
choice-moving,Surfer6@bmm,4844,323,6654,6654,643,NULL,1313578,1313555,1313555,1313555,CANCEL,BUY,1,93,2018-08-30T04:53:09.470,2018-08-30T04:53:09.475
choice-moving,Surfer3@bmm,4841,323,6654,6654,642,NULL,1313579,1313579,1313579,1313613,LIMIT,BUY,1,97,2018-08-30T04:53:09.549,2018-08-30T04:53:35.997
choice-moving,Surfer6@bmm,4844,323,6654,6654,643,NULL,1313580,1313554,1313554,1313554,CANCEL,BUY,1,93,2018-08-30T04:53:10.616,2018-08-30T04:53:10.621
choice-moving,Surfer9@bmm,4847,323,6654,6654,642,NULL,1313581,1313581,1313581,1313584,LIMIT,BUY,1,99,2018-08-30T04:53:10.676,2018-08-30T04:53:13.109
choice-moving,Surfer11@bmm,4849,323,6654,6654,644,NULL,1313582,1313577,1313577,1313577,CANCEL,SELL,1,12,2018-08-30T04:53:10.689,2018-08-30T04:53:10.693
choice-moving,Surfer8@bmm,4846,323,6654,6654,642,NULL,1313583,1313583,1313583,0,LIMIT,SELL,1,97,2018-08-30T04:53:13.100,2018-08-30T04:53:13.109
choice-moving,Surfer8@bmm,4846,323,6654,6654,642,NULL,1313584,1313583,1313583,1313581,LIMIT,SELL,1,99,2018-08-30T04:53:13.106,2018-08-30T04:53:13.110
choice-moving,Surfer6@bmm,4844,323,6654,6654,644,NULL,1313585,1313512,1313512,1313512,CANCEL,SELL,1,50,2018-08-30T04:53:13.239,2018-08-30T04:53:13.244
choice-moving,Surfer13@bmm,4851,323,6654,6654,643,NULL,1313586,1313586,1313586,NULL,LIMIT,BUY,1,33,2018-08-30T04:53:14.359,2018-08-30T04:53:14.362
choice-moving,Surfer6@bmm,4844,323,6654,6654,644,NULL,1313587,1313506,1313506,1313506,CANCEL,SELL,1,54,2018-08-30T04:53:14.575,2018-08-30T04:53:14.580
choice-moving,Surfer6@bmm,4844,323,6654,6654,644,NULL,1313588,1313506,1313506,1313588,CANCEL,SELL,1,54,2018-08-30T04:53:14.788,2018-08-30T04:53:14.794
choice-moving,Surfer11@bmm,4849,323,6654,6654,644,NULL,1313589,1313589,1313589,1313594,LIMIT,SELL,1,9,2018-08-30T04:53:15.369,2018-08-30T04:53:17.478
choice-moving,Surfer14@bmm,4852,323,6654,6654,644,NULL,1313590,1313590,1313590,1313573,LIMIT,BUY,1,9,2018-08-30T04:53:15.693,2018-08-30T04:53:15.699
choice-moving,Surfer6@bmm,4844,323,6654,6654,644,NULL,1313591,1313505,1313505,1313505,CANCEL,SELL,1,54,2018-08-30T04:53:16,2018-08-30T04:53:16.005
choice-moving,Surfer6@bmm,4844,323,6654,6654,644,NULL,1313592,1313504,1313504,1313504,CANCEL,SELL,1,54,2018-08-30T04:53:16.452,2018-08-30T04:53:16.457
choice-moving,Surfer4@bmm,4842,323,6654,6654,643,NULL,1313593,1313593,1313593,1313757,LIMIT,BUY,1,98,2018-08-30T04:53:17.207,2018-08-30T04:56:01.896
choice-moving,Surfer14@bmm,4852,323,6654,6654,644,NULL,1313594,1313594,1313594,1313589,LIMIT,BUY,1,9,2018-08-30T04:53:17.470,2018-08-30T04:53:17.477
choice-moving,Surfer9@bmm,4847,323,6654,6654,642,NULL,1313595,1313595,1313595,1313605,LIMIT,BUY,1,99,2018-08-30T04:53:18.893,2018-08-30T04:53:29.280
choice-moving,Surfer4@bmm,4842,323,6654,6654,642,NULL,1313596,1313567,1313567,1313567,CANCEL,BUY,1,96,2018-08-30T04:53:21.128,2018-08-30T04:53:21.134
choice-moving,Surfer6@bmm,4844,323,6654,6654,644,NULL,1313597,1313597,1313597,1313677,LIMIT,SELL,1,7,2018-08-30T04:53:22.416,2018-08-30T04:54:18.473
choice-moving,Surfer10@bmm,4848,323,6654,6654,643,NULL,1313598,1313598,1313598,1313672,LIMIT,BUY,1,99,2018-08-30T04:53:22.680,2018-08-30T04:54:16.910
choice-moving,Surfer6@bmm,4844,323,6654,6654,644,NULL,1313599,1313599,1313599,1313676,LIMIT,SELL,1,7,2018-08-30T04:53:22.691,2018-08-30T04:54:17.753
choice-moving,Surfer6@bmm,4844,323,6654,6654,644,NULL,1313600,1313600,1313600,1313673,LIMIT,SELL,1,7,2018-08-30T04:53:22.903,2018-08-30T04:54:17.284
choice-moving,Surfer6@bmm,4844,323,6654,6654,644,NULL,1313601,1313601,1313601,1313670,LIMIT,SELL,1,7,2018-08-30T04:53:23.104,2018-08-30T04:54:16.847
choice-moving,Surfer1@bmm,4839,323,6654,6654,642,NULL,1313602,1313602,1313602,NULL,LIMIT,BUY,1,93,2018-08-30T04:53:24.107,2018-08-30T04:53:24.110
choice-moving,Surfer18@bmm,4856,323,6654,6654,644,NULL,1313603,1313603,1313603,1313800,LIMIT,SELL,1,10,2018-08-30T04:53:27.200,2018-08-30T04:56:53.832
choice-moving,Surfer8@bmm,4846,323,6654,6654,642,NULL,1313604,1313604,1313604,0,LIMIT,SELL,1,98,2018-08-30T04:53:29.270,2018-08-30T04:53:29.279
choice-moving,Surfer8@bmm,4846,323,6654,6654,642,NULL,1313605,1313604,1313604,1313595,LIMIT,SELL,1,99,2018-08-30T04:53:29.276,2018-08-30T04:53:29.280
choice-moving,Surfer10@bmm,4848,323,6654,6654,644,NULL,1313606,1313498,1313498,1313498,CANCEL,SELL,1,59,2018-08-30T04:53:30.093,2018-08-30T04:53:30.098
choice-moving,Surfer1@bmm,4839,323,6654,6654,642,NULL,1313607,1313607,1313607,NULL,LIMIT,BUY,1,97,2018-08-30T04:53:30.591,2018-08-30T04:53:30.593
choice-moving,Surfer4@bmm,4842,323,6654,6654,642,NULL,1313608,1313608,1313608,1313625,LIMIT,BUY,1,99,2018-08-30T04:53:30.697,2018-08-30T04:53:48.556
choice-moving,Surfer11@bmm,4849,323,6654,6654,644,NULL,1313609,1313609,1313609,1313619,LIMIT,SELL,1,7,2018-08-30T04:53:31.076,2018-08-30T04:53:44.222
choice-moving,Surfer12@bmm,4850,323,6654,6654,644,NULL,1313610,1313610,1313610,1313762,LIMIT,SELL,1,10,2018-08-30T04:53:31.868,2018-08-30T04:56:09.711
choice-moving,Surfer13@bmm,4851,323,6654,6654,643,NULL,1313611,1313611,1313611,NULL,LIMIT,BUY,1,52,2018-08-30T04:53:31.992,2018-08-30T04:53:31.995
choice-moving,Surfer9@bmm,4847,323,6654,6654,642,NULL,1313612,1313612,1313612,1313648,LIMIT,BUY,1,99,2018-08-30T04:53:32.128,2018-08-30T04:54:07.084
choice-moving,Surfer3@bmm,4841,323,6654,6654,642,NULL,1313613,1313579,1313579,1313579,CANCEL,BUY,1,97,2018-08-30T04:53:35.991,2018-08-30T04:53:35.997
choice-moving,Surfer10@bmm,4848,323,6654,6654,644,NULL,1313614,1313614,1313614,1313710,LIMIT,SELL,1,5,2018-08-30T04:53:39.467,2018-08-30T04:54:56.753
choice-moving,Surfer3@bmm,4841,323,6654,6654,642,NULL,1313615,1313615,1313615,NULL,LIMIT,BUY,1,99,2018-08-30T04:53:39.752,2018-08-30T04:53:39.755
choice-moving,Surfer12@bmm,4850,323,6654,6654,644,NULL,1313616,1313616,1313616,1313712,LIMIT,SELL,1,6,2018-08-30T04:53:40.194,2018-08-30T04:54:59.470
choice-moving,Surfer12@bmm,4850,323,6654,6654,644,NULL,1313617,1313530,1313530,1313530,CANCEL,SELL,1,13,2018-08-30T04:53:42.801,2018-08-30T04:53:42.807
choice-moving,Surfer13@bmm,4851,323,6654,6654,645,NULL,1313618,1313618,1313618,1313731,LIMIT,SELL,1,1,2018-08-30T04:53:43.463,2018-08-30T04:55:34.468
choice-moving,Surfer11@bmm,4849,323,6654,6654,644,NULL,1313619,1313609,1313609,1313609,CANCEL,SELL,1,7,2018-08-30T04:53:44.217,2018-08-30T04:53:44.222
choice-moving,Surfer12@bmm,4850,323,6654,6654,644,NULL,1313620,1313620,1313620,1313650,LIMIT,SELL,1,4,2018-08-30T04:53:45.696,2018-08-30T04:54:07.767
choice-moving,Surfer6@bmm,4844,323,6654,6654,643,NULL,1313621,1313621,1313621,1313685,LIMIT,BUY,1,99,2018-08-30T04:53:46.001,2018-08-30T04:54:28.653
choice-moving,Surfer6@bmm,4844,323,6654,6654,643,NULL,1313622,1313622,1313622,1313696,LIMIT,BUY,1,99,2018-08-30T04:53:46.237,2018-08-30T04:54:40.763
choice-moving,Surfer6@bmm,4844,323,6654,6654,643,NULL,1313623,1313623,1313623,1313718,LIMIT,BUY,1,99,2018-08-30T04:53:46.591,2018-08-30T04:55:22.131
choice-moving,Surfer4@bmm,4842,323,6654,6654,644,NULL,1313624,1313624,1313624,1313651,LIMIT,SELL,2,4,2018-08-30T04:53:48.071,2018-08-30T04:54:07.767
choice-moving,Surfer15@bmm,4853,323,6654,6654,642,NULL,1313625,1313625,1313625,1313608,LIMIT,SELL,1,99,2018-08-30T04:53:48.548,2018-08-30T04:53:48.556
choice-moving,Surfer10@bmm,4848,323,6654,6654,644,NULL,1313626,1313521,1313521,1313521,CANCEL,SELL,1,16,2018-08-30T04:53:50.492,2018-08-30T04:53:50.497
choice-moving,Surfer6@bmm,4844,323,6654,6654,642,NULL,1313627,1313627,1313627,NULL,LIMIT,BUY,1,99,2018-08-30T04:53:53.065,2018-08-30T04:53:53.068
choice-moving,Surfer11@bmm,4849,323,6654,6654,644,NULL,1313628,1313628,1313628,1313639,LIMIT,SELL,1,3,2018-08-30T04:53:53.080,2018-08-30T04:53:58.982
choice-moving,Surfer13@bmm,4851,323,6654,6654,645,NULL,1313629,1313629,1313629,1313455,LIMIT,BUY,1,1,2018-08-30T04:53:54.520,2018-08-30T04:53:54.527
choice-moving,Surfer10@bmm,4848,323,6654,6654,644,NULL,1313630,1313630,1313630,1313652,LIMIT,SELL,1,4,2018-08-30T04:53:54.673,2018-08-30T04:54:07.768
choice-moving,Surfer8@bmm,4846,323,6654,6654,645,NULL,1313631,1313631,1313631,0,LIMIT,BUY,1,2,2018-08-30T04:53:55.379,2018-08-30T04:53:55.390
choice-moving,Surfer8@bmm,4846,323,6654,6654,645,NULL,1313632,1313631,1313631,1313459,LIMIT,BUY,1,1,2018-08-30T04:53:55.386,2018-08-30T04:53:55.390
choice-moving,Surfer3@bmm,4841,323,6654,6654,645,NULL,1313633,1313438,1313438,1313438,CANCEL,SELL,1,8,2018-08-30T04:53:55.894,2018-08-30T04:53:55.899
choice-moving,Surfer19@bmm,4857,323,6654,6654,642,NULL,1313634,1313442,1313442,1313442,CANCEL,BUY,1,58,2018-08-30T04:53:55.935,2018-08-30T04:53:55.940
choice-moving,Surfer4@bmm,4842,323,6654,6654,642,NULL,1313635,1313635,1313635,NULL,LIMIT,BUY,1,99,2018-08-30T04:53:56.601,2018-08-30T04:53:56.604
choice-moving,Surfer17@bmm,4855,323,6654,6654,642,NULL,1313636,1313636,1313636,NULL,LIMIT,BUY,1,100,2018-08-30T04:53:57.266,2018-08-30T04:53:57.269
choice-moving,Surfer19@bmm,4857,323,6654,6654,642,NULL,1313637,1313447,1313447,1313447,CANCEL,BUY,1,60,2018-08-30T04:53:57.432,2018-08-30T04:53:57.437
choice-moving,Surfer14@bmm,4852,323,6654,6654,644,NULL,1313638,1313638,1313638,0,LIMIT,BUY,1,9,2018-08-30T04:53:58.972,2018-08-30T04:53:58.982
choice-moving,Surfer14@bmm,4852,323,6654,6654,644,NULL,1313639,1313638,1313638,1313628,LIMIT,BUY,1,3,2018-08-30T04:53:58.978,2018-08-30T04:53:58.982
choice-moving,Surfer4@bmm,4842,323,6654,6654,643,NULL,1313640,1313640,1313640,1313748,LIMIT,BUY,1,99,2018-08-30T04:54:01.167,2018-08-30T04:55:55.330
choice-moving,Surfer6@bmm,4844,323,6654,6654,643,NULL,1313641,1313569,1313569,1313569,CANCEL,BUY,1,96,2018-08-30T04:54:03.184,2018-08-30T04:54:03.189
choice-moving,Surfer10@bmm,4848,323,6654,6654,643,NULL,1313642,1313462,1313462,1313462,CANCEL,BUY,1,79,2018-08-30T04:54:03.210,2018-08-30T04:54:03.215
choice-moving,Surfer1@bmm,4839,323,6654,6654,645,NULL,1313643,1313643,1313643,1313787,LIMIT,SELL,1,2,2018-08-30T04:54:03.844,2018-08-30T04:56:44.841
choice-moving,Surfer13@bmm,4851,323,6654,6654,645,NULL,1313644,1313644,1313644,NULL,LIMIT,SELL,1,6,2018-08-30T04:54:04.440,2018-08-30T04:54:04.443
choice-moving,Surfer11@bmm,4849,323,6654,6654,644,NULL,1313645,1313645,1313645,1313653,LIMIT,SELL,1,4,2018-08-30T04:54:04.616,2018-08-30T04:54:07.768
choice-moving,Surfer1@bmm,4839,323,6654,6654,645,NULL,1313646,1313646,1313646,1313785,LIMIT,SELL,1,2,2018-08-30T04:54:05.455,2018-08-30T04:56:44.089
choice-moving,Surfer8@bmm,4846,323,6654,6654,644,NULL,1313647,1313647,1313647,1313657,LIMIT,BUY,1,3,2018-08-30T04:54:05.565,2018-08-30T04:54:10.650
choice-moving,Surfer9@bmm,4847,323,6654,6654,642,NULL,1313648,1313612,1313612,1313612,CANCEL,BUY,1,99,2018-08-30T04:54:07.079,2018-08-30T04:54:07.084
choice-moving,Surfer14@bmm,4852,323,6654,6654,644,NULL,1313649,1313649,1313649,0,LIMIT,BUY,5,4,2018-08-30T04:54:07.746,2018-08-30T04:54:07.767
choice-moving,Surfer14@bmm,4852,323,6654,6654,644,NULL,1313650,1313649,1313649,1313620,LIMIT,BUY,1,4,2018-08-30T04:54:07.752,2018-08-30T04:54:07.767
choice-moving,Surfer14@bmm,4852,323,6654,6654,644,NULL,1313651,1313649,1313649,1313624,LIMIT,BUY,2,4,2018-08-30T04:54:07.756,2018-08-30T04:54:07.767
choice-moving,Surfer14@bmm,4852,323,6654,6654,644,NULL,1313652,1313649,1313649,1313630,LIMIT,BUY,1,4,2018-08-30T04:54:07.760,2018-08-30T04:54:07.768
choice-moving,Surfer14@bmm,4852,323,6654,6654,644,NULL,1313653,1313649,1313649,1313645,LIMIT,BUY,1,4,2018-08-30T04:54:07.763,2018-08-30T04:54:07.768
choice-moving,Surfer3@bmm,4841,323,6654,6654,645,NULL,1313654,1313654,1313654,1313749,LIMIT,SELL,1,1,2018-08-30T04:54:07.928,2018-08-30T04:55:55.827
choice-moving,Surfer10@bmm,4848,323,6654,6654,643,NULL,1313655,1313510,1313510,1313510,CANCEL,BUY,1,84,2018-08-30T04:54:09.267,2018-08-30T04:54:09.272
choice-moving,Surfer9@bmm,4847,323,6654,6654,642,NULL,1313656,1313576,1313576,1313576,CANCEL,BUY,1,98,2018-08-30T04:54:10.595,2018-08-30T04:54:10.600
choice-moving,Surfer11@bmm,4849,323,6654,6654,644,NULL,1313657,1313657,1313657,1313647,LIMIT,SELL,1,3,2018-08-30T04:54:10.643,2018-08-30T04:54:10.650
choice-moving,Surfer14@bmm,4852,323,6654,6654,644,NULL,1313658,1313658,1313658,0,LIMIT,BUY,5,4,2018-08-30T04:54:10.951,2018-08-30T04:54:13.439
choice-moving,Surfer3@bmm,4841,323,6654,6654,645,NULL,1313659,1313659,1313659,1313752,LIMIT,SELL,1,1,2018-08-30T04:54:11.608,2018-08-30T04:56:00.751
choice-moving,Surfer15@bmm,4853,323,6654,6654,643,NULL,1313660,1313660,1313660,1313680,LIMIT,SELL,1,100,2018-08-30T04:54:11.626,2018-08-30T04:54:21.214
choice-moving,Surfer9@bmm,4847,323,6654,6654,642,NULL,1313661,1313574,1313574,1313574,CANCEL,BUY,1,97,2018-08-30T04:54:11.775,2018-08-30T04:54:11.780
choice-moving,Surfer1@bmm,4839,323,6654,6654,645,NULL,1313662,1313662,1313662,1313753,LIMIT,SELL,1,1,2018-08-30T04:54:12.495,2018-08-30T04:56:00.752
choice-moving,Surfer9@bmm,4847,323,6654,6654,642,NULL,1313663,1313571,1313571,1313571,CANCEL,BUY,1,96,2018-08-30T04:54:13.074,2018-08-30T04:54:13.080
choice-moving,Surfer4@bmm,4842,323,6654,6654,644,NULL,1313664,1313664,1313664,1313665,LIMIT,SELL,1,4,2018-08-30T04:54:13.426,2018-08-30T04:54:13.439
choice-moving,Surfer14@bmm,4852,323,6654,6654,644,NULL,1313665,1313658,1313658,1313664,LIMIT,BUY,1,4,2018-08-30T04:54:13.433,2018-08-30T04:54:13.439
choice-moving,Surfer14@bmm,4852,323,6654,6654,644,NULL,1313666,1313658,1313658,1313667,LIMIT,BUY,4,4,2018-08-30T04:54:10.951,2018-08-30T04:54:13.574
choice-moving,Surfer14@bmm,4852,323,6654,6654,644,NULL,1313667,1313658,1313658,1313666,CANCEL,BUY,4,4,2018-08-30T04:54:13.568,2018-08-30T04:54:13.573
choice-moving,Surfer9@bmm,4847,323,6654,6654,642,NULL,1313668,1313564,1313564,1313564,CANCEL,BUY,1,95,2018-08-30T04:54:14.212,2018-08-30T04:54:14.221
choice-moving,Surfer7@bmm,4845,323,6654,6654,643,NULL,1313669,1313669,1313669,1313692,LIMIT,SELL,1,100,2018-08-30T04:54:15.093,2018-08-30T04:54:29.655
choice-moving,Surfer6@bmm,4844,323,6654,6654,644,NULL,1313670,1313601,1313601,1313601,CANCEL,SELL,1,7,2018-08-30T04:54:16.841,2018-08-30T04:54:16.847
choice-moving,Surfer13@bmm,4851,323,6654,6654,643,NULL,1313671,1313671,1313671,0,LIMIT,SELL,1,5,2018-08-30T04:54:16.900,2018-08-30T04:54:16.909
choice-moving,Surfer13@bmm,4851,323,6654,6654,643,NULL,1313672,1313671,1313671,1313598,LIMIT,SELL,1,99,2018-08-30T04:54:16.906,2018-08-30T04:54:16.910
choice-moving,Surfer6@bmm,4844,323,6654,6654,644,NULL,1313673,1313600,1313600,1313600,CANCEL,SELL,1,7,2018-08-30T04:54:17.279,2018-08-30T04:54:17.284
choice-moving,Surfer18@bmm,4856,323,6654,6654,644,NULL,1313674,1313674,1313674,1313713,LIMIT,SELL,1,6,2018-08-30T04:54:17.363,2018-08-30T04:54:59.632
choice-moving,Surfer6@bmm,4844,323,6654,6654,644,NULL,1313675,1313600,1313600,1313675,CANCEL,SELL,1,7,2018-08-30T04:54:17.516,2018-08-30T04:54:17.521
choice-moving,Surfer6@bmm,4844,323,6654,6654,644,NULL,1313676,1313599,1313599,1313599,CANCEL,SELL,1,7,2018-08-30T04:54:17.747,2018-08-30T04:54:17.753
choice-moving,Surfer6@bmm,4844,323,6654,6654,644,NULL,1313677,1313597,1313597,1313597,CANCEL,SELL,1,7,2018-08-30T04:54:18.467,2018-08-30T04:54:18.472
choice-moving,Surfer4@bmm,4842,323,6654,6654,644,NULL,1313678,1313678,1313678,1313681,LIMIT,SELL,1,4,2018-08-30T04:54:18.598,2018-08-30T04:54:21.516
choice-moving,Surfer10@bmm,4848,323,6654,6654,643,NULL,1313679,1313679,1313679,1313772,LIMIT,BUY,1,99,2018-08-30T04:54:20.262,2018-08-30T04:56:22.837
choice-moving,Surfer17@bmm,4855,323,6654,6654,643,NULL,1313680,1313680,1313680,1313660,LIMIT,BUY,1,100,2018-08-30T04:54:21.208,2018-08-30T04:54:21.214
choice-moving,Surfer14@bmm,4852,323,6654,6654,644,NULL,1313681,1313681,1313681,1313678,LIMIT,BUY,1,4,2018-08-30T04:54:21.510,2018-08-30T04:54:21.516
choice-moving,Surfer6@bmm,4844,323,6654,6654,644,NULL,1313682,1313682,1313682,1313687,LIMIT,SELL,1,2,2018-08-30T04:54:26.597,2018-08-30T04:54:28.787
choice-moving,Surfer6@bmm,4844,323,6654,6654,644,NULL,1313683,1313683,1313683,1313691,LIMIT,SELL,1,2,2018-08-30T04:54:27.001,2018-08-30T04:54:29.541
choice-moving,Surfer13@bmm,4851,323,6654,6654,643,NULL,1313684,1313684,1313684,0,LIMIT,SELL,1,15,2018-08-30T04:54:28.621,2018-08-30T04:54:28.652
choice-moving,Surfer13@bmm,4851,323,6654,6654,643,NULL,1313685,1313684,1313684,1313621,LIMIT,SELL,1,99,2018-08-30T04:54:28.648,2018-08-30T04:54:28.653
choice-moving,Surfer14@bmm,4852,323,6654,6654,644,NULL,1313686,1313686,1313686,0,LIMIT,BUY,1,5,2018-08-30T04:54:28.762,2018-08-30T04:54:28.787
choice-moving,Surfer14@bmm,4852,323,6654,6654,644,NULL,1313687,1313686,1313686,1313682,LIMIT,BUY,1,2,2018-08-30T04:54:28.783,2018-08-30T04:54:28.787
choice-moving,Surfer6@bmm,4844,323,6654,6654,644,NULL,1313688,1313688,1313688,1313700,LIMIT,SELL,1,2,2018-08-30T04:54:28.898,2018-08-30T04:54:45.742
choice-moving,Surfer6@bmm,4844,323,6654,6654,644,NULL,1313689,1313689,1313689,1313704,LIMIT,SELL,1,2,2018-08-30T04:54:29.388,2018-08-30T04:54:49.666
choice-moving,Surfer14@bmm,4852,323,6654,6654,644,NULL,1313690,1313690,1313690,0,LIMIT,BUY,1,5,2018-08-30T04:54:29.522,2018-08-30T04:54:29.541
choice-moving,Surfer14@bmm,4852,323,6654,6654,644,NULL,1313691,1313690,1313690,1313683,LIMIT,BUY,1,2,2018-08-30T04:54:29.534,2018-08-30T04:54:29.541
choice-moving,Surfer2@bmm,4840,323,6654,6654,643,NULL,1313692,1313692,1313692,1313669,LIMIT,BUY,1,100,2018-08-30T04:54:29.642,2018-08-30T04:54:29.655
choice-moving,Surfer11@bmm,4849,323,6654,6654,645,NULL,1313693,1313693,1313693,1313754,LIMIT,SELL,1,1,2018-08-30T04:54:32.211,2018-08-30T04:56:00.752
choice-moving,Surfer8@bmm,4846,323,6654,6654,644,NULL,1313694,1313694,1313694,1313702,LIMIT,BUY,1,1,2018-08-30T04:54:37.906,2018-08-30T04:54:49.196
choice-moving,Surfer13@bmm,4851,323,6654,6654,643,NULL,1313695,1313695,1313695,0,LIMIT,SELL,1,20,2018-08-30T04:54:40.753,2018-08-30T04:54:40.763
choice-moving,Surfer13@bmm,4851,323,6654,6654,643,NULL,1313696,1313695,1313695,1313622,LIMIT,SELL,1,99,2018-08-30T04:54:40.760,2018-08-30T04:54:40.763
choice-moving,Surfer15@bmm,4853,323,6654,6654,645,NULL,1313697,1313697,1313697,1313711,LIMIT,SELL,1,4,2018-08-30T04:54:43.395,2018-08-30T04:54:58.514
choice-moving,Surfer12@bmm,4850,323,6654,6654,644,NULL,1313698,1313698,1313698,1313715,LIMIT,BUY,1,0,2018-08-30T04:54:44.136,2018-08-30T04:55:06.127
choice-moving,Surfer14@bmm,4852,323,6654,6654,644,NULL,1313699,1313699,1313699,0,LIMIT,BUY,1,5,2018-08-30T04:54:45.515,2018-08-30T04:54:45.741
choice-moving,Surfer14@bmm,4852,323,6654,6654,644,NULL,1313700,1313699,1313699,1313688,LIMIT,BUY,1,2,2018-08-30T04:54:45.725,2018-08-30T04:54:45.743
choice-moving,Surfer8@bmm,4846,323,6654,6654,644,NULL,1313701,1313701,1313701,0,LIMIT,SELL,1,0,2018-08-30T04:54:48.985,2018-08-30T04:54:49.182
choice-moving,Surfer8@bmm,4846,323,6654,6654,644,NULL,1313702,1313701,1313701,1313694,LIMIT,SELL,1,1,2018-08-30T04:54:49.176,2018-08-30T04:54:49.184
choice-moving,Surfer14@bmm,4852,323,6654,6654,644,NULL,1313703,1313703,1313703,0,LIMIT,BUY,1,5,2018-08-30T04:54:49.649,2018-08-30T04:54:49.660
choice-moving,Surfer14@bmm,4852,323,6654,6654,644,NULL,1313704,1313703,1313703,1313689,LIMIT,BUY,1,2,2018-08-30T04:54:49.656,2018-08-30T04:54:49.667
choice-moving,Surfer15@bmm,4853,323,6654,6654,645,NULL,1313705,1313497,1313497,1313497,CANCEL,SELL,1,50,2018-08-30T04:54:51.158,2018-08-30T04:54:51.165
choice-moving,Surfer15@bmm,4853,323,6654,6654,645,NULL,1313706,1313563,1313563,1313563,CANCEL,SELL,1,51,2018-08-30T04:54:51.422,2018-08-30T04:54:51.432
choice-moving,Surfer12@bmm,4850,323,6654,6654,644,NULL,1313707,1313707,1313707,1313716,LIMIT,BUY,1,1,2018-08-30T04:54:52.246,2018-08-30T04:55:07.829
choice-moving,Surfer7@bmm,4845,323,6654,6654,644,NULL,1313708,1313708,1313708,1313740,LIMIT,BUY,1,1,2018-08-30T04:54:54.062,2018-08-30T04:55:47.385
choice-moving,Surfer13@bmm,4851,323,6654,6654,645,NULL,1313709,1313709,1313709,NULL,LIMIT,SELL,1,2,2018-08-30T04:54:54.776,2018-08-30T04:54:54.779
choice-moving,Surfer14@bmm,4852,323,6654,6654,644,NULL,1313710,1313710,1313710,1313614,LIMIT,BUY,1,5,2018-08-30T04:54:56.744,2018-08-30T04:54:56.752
choice-moving,Surfer15@bmm,4853,323,6654,6654,645,NULL,1313711,1313697,1313697,1313697,CANCEL,SELL,1,4,2018-08-30T04:54:58.505,2018-08-30T04:54:58.514
choice-moving,Surfer14@bmm,4852,323,6654,6654,644,NULL,1313712,1313712,1313712,1313616,LIMIT,BUY,1,6,2018-08-30T04:54:59.461,2018-08-30T04:54:59.470
choice-moving,Surfer14@bmm,4852,323,6654,6654,644,NULL,1313713,1313713,1313713,1313674,LIMIT,BUY,1,6,2018-08-30T04:54:59.617,2018-08-30T04:54:59.632
choice-moving,Surfer13@bmm,4851,323,6654,6654,645,NULL,1313714,1313714,1313714,NULL,LIMIT,SELL,1,6,2018-08-30T04:55:05.477,2018-08-30T04:55:05.486
choice-moving,Surfer12@bmm,4850,323,6654,6654,644,NULL,1313715,1313698,1313698,1313698,CANCEL,BUY,1,0,2018-08-30T04:55:06.121,2018-08-30T04:55:06.127
choice-moving,Surfer8@bmm,4846,323,6654,6654,644,NULL,1313716,1313716,1313716,1313707,LIMIT,SELL,1,1,2018-08-30T04:55:07.822,2018-08-30T04:55:07.829
choice-moving,Surfer13@bmm,4851,323,6654,6654,643,NULL,1313717,1313717,1313717,0,LIMIT,SELL,1,1,2018-08-30T04:55:22.120,2018-08-30T04:55:22.130
choice-moving,Surfer13@bmm,4851,323,6654,6654,643,NULL,1313718,1313717,1313717,1313623,LIMIT,SELL,1,99,2018-08-30T04:55:22.127,2018-08-30T04:55:22.131
choice-moving,Surfer1@bmm,4839,323,6654,6654,645,NULL,1313719,1313719,1313719,1313736,LIMIT,BUY,1,0,2018-08-30T04:55:23.818,2018-08-30T04:55:45.489
choice-moving,Surfer10@bmm,4848,323,6654,6654,643,NULL,1313720,1313720,1313720,1313775,LIMIT,BUY,1,99,2018-08-30T04:55:24.619,2018-08-30T04:56:28.137
choice-moving,Surfer1@bmm,4839,323,6654,6654,645,NULL,1313721,1313721,1313721,1313737,LIMIT,BUY,1,0,2018-08-30T04:55:25.628,2018-08-30T04:55:45.489
choice-moving,Surfer1@bmm,4839,323,6654,6654,645,NULL,1313722,1313722,1313722,1313738,LIMIT,BUY,1,0,2018-08-30T04:55:26.716,2018-08-30T04:55:45.489
choice-moving,Surfer15@bmm,4853,323,6654,6654,643,NULL,1313723,1313723,1313723,1313742,LIMIT,SELL,1,100,2018-08-30T04:55:28.482,2018-08-30T04:55:51.062
choice-moving,Surfer1@bmm,4839,323,6654,6654,645,NULL,1313724,1313724,1313724,1313509,LIMIT,BUY,1,1,2018-08-30T04:55:33.118,2018-08-30T04:55:33.126
choice-moving,Surfer1@bmm,4839,323,6654,6654,645,NULL,1313725,1313725,1313725,1313520,LIMIT,BUY,1,1,2018-08-30T04:55:33.372,2018-08-30T04:55:33.379
choice-moving,Surfer1@bmm,4839,323,6654,6654,645,NULL,1313726,1313726,1313726,1313539,LIMIT,BUY,1,1,2018-08-30T04:55:33.626,2018-08-30T04:55:33.633
choice-moving,Surfer1@bmm,4839,323,6654,6654,645,NULL,1313727,1313727,1313727,1313542,LIMIT,BUY,1,1,2018-08-30T04:55:33.772,2018-08-30T04:55:33.782
choice-moving,Surfer1@bmm,4839,323,6654,6654,645,NULL,1313728,1313728,1313728,1313545,LIMIT,BUY,1,1,2018-08-30T04:55:33.909,2018-08-30T04:55:33.917
choice-moving,Surfer1@bmm,4839,323,6654,6654,645,NULL,1313729,1313729,1313729,1313549,LIMIT,BUY,1,1,2018-08-30T04:55:34.088,2018-08-30T04:55:34.097
choice-moving,Surfer1@bmm,4839,323,6654,6654,645,NULL,1313730,1313730,1313730,1313550,LIMIT,BUY,1,1,2018-08-30T04:55:34.260,2018-08-30T04:55:34.268
choice-moving,Surfer1@bmm,4839,323,6654,6654,645,NULL,1313731,1313731,1313731,1313618,LIMIT,BUY,1,1,2018-08-30T04:55:34.458,2018-08-30T04:55:34.468
choice-moving,Surfer11@bmm,4849,323,6654,6654,645,NULL,1313732,1313732,1313732,1313755,LIMIT,SELL,1,1,2018-08-30T04:55:39.114,2018-08-30T04:56:00.753
choice-moving,Surfer19@bmm,4857,323,6654,6654,645,NULL,1313733,1313733,1313733,1313743,LIMIT,SELL,1,1,2018-08-30T04:55:42.636,2018-08-30T04:55:51.771
choice-moving,Surfer15@bmm,4853,323,6654,6654,645,NULL,1313734,1313734,1313734,NULL,LIMIT,SELL,1,10,2018-08-30T04:55:44.427,2018-08-30T04:55:44.430
choice-moving,Surfer5@bmm,4843,323,6654,6654,645,NULL,1313735,1313735,1313735,0,LIMIT,SELL,3,0,2018-08-30T04:55:45.472,2018-08-30T04:55:45.489
choice-moving,Surfer5@bmm,4843,323,6654,6654,645,NULL,1313736,1313735,1313735,1313719,LIMIT,SELL,1,0,2018-08-30T04:55:45.478,2018-08-30T04:55:45.489
choice-moving,Surfer5@bmm,4843,323,6654,6654,645,NULL,1313737,1313735,1313735,1313721,LIMIT,SELL,1,0,2018-08-30T04:55:45.481,2018-08-30T04:55:45.489
choice-moving,Surfer5@bmm,4843,323,6654,6654,645,NULL,1313738,1313735,1313735,1313722,LIMIT,SELL,1,0,2018-08-30T04:55:45.485,2018-08-30T04:55:45.489
choice-moving,Surfer19@bmm,4857,323,6654,6654,645,NULL,1313739,1313739,1313739,1313741,LIMIT,SELL,1,1,2018-08-30T04:55:46.392,2018-08-30T04:55:51.041
choice-moving,Surfer7@bmm,4845,323,6654,6654,644,NULL,1313740,1313708,1313708,1313708,CANCEL,BUY,1,1,2018-08-30T04:55:47.378,2018-08-30T04:55:47.385
choice-moving,Surfer19@bmm,4857,323,6654,6654,645,NULL,1313741,1313739,1313739,1313739,CANCEL,SELL,1,1,2018-08-30T04:55:51.036,2018-08-30T04:55:51.041
choice-moving,Surfer15@bmm,4853,323,6654,6654,643,NULL,1313742,1313723,1313723,1313723,CANCEL,SELL,1,100,2018-08-30T04:55:51.057,2018-08-30T04:55:51.062
choice-moving,Surfer19@bmm,4857,323,6654,6654,645,NULL,1313743,1313733,1313733,1313733,CANCEL,SELL,1,1,2018-08-30T04:55:51.765,2018-08-30T04:55:51.771
choice-moving,Surfer1@bmm,4839,323,6654,6654,645,NULL,1313744,1313744,1313744,1313780,LIMIT,BUY,1,0,2018-08-30T04:55:53.577,2018-08-30T04:56:33.976
choice-moving,Surfer1@bmm,4839,323,6654,6654,645,NULL,1313745,1313745,1313745,1313807,LIMIT,BUY,1,0,2018-08-30T04:55:54.510,2018-08-30T04:57:09.116
choice-moving,Surfer1@bmm,4839,323,6654,6654,645,NULL,1313746,1313746,1313746,1313808,LIMIT,BUY,1,0,2018-08-30T04:55:54.702,2018-08-30T04:57:14.428
choice-moving,Surfer1@bmm,4839,323,6654,6654,645,NULL,1313747,1313747,1313747,NULL,LIMIT,BUY,1,0,2018-08-30T04:55:54.891,2018-08-30T04:55:54.894
choice-moving,Surfer15@bmm,4853,323,6654,6654,643,NULL,1313748,1313748,1313748,1313640,LIMIT,SELL,1,99,2018-08-30T04:55:55.322,2018-08-30T04:55:55.330
choice-moving,Surfer13@bmm,4851,323,6654,6654,645,NULL,1313749,1313749,1313749,1313654,LIMIT,BUY,1,1,2018-08-30T04:55:55.819,2018-08-30T04:55:55.827
choice-moving,Surfer12@bmm,4850,323,6654,6654,644,NULL,1313750,1313750,1313750,1313765,LIMIT,BUY,1,1,2018-08-30T04:55:57.597,2018-08-30T04:56:12.115
choice-moving,Surfer2@bmm,4840,323,6654,6654,645,NULL,1313751,1313751,1313751,0,LIMIT,BUY,5,1,2018-08-30T04:56:00.713,2018-08-30T04:56:00.751
choice-moving,Surfer2@bmm,4840,323,6654,6654,645,NULL,1313752,1313751,1313751,1313659,LIMIT,BUY,1,1,2018-08-30T04:56:00.723,2018-08-30T04:56:00.752
choice-moving,Surfer2@bmm,4840,323,6654,6654,645,NULL,1313753,1313751,1313751,1313662,LIMIT,BUY,1,1,2018-08-30T04:56:00.732,2018-08-30T04:56:00.752
choice-moving,Surfer2@bmm,4840,323,6654,6654,645,NULL,1313754,1313751,1313751,1313693,LIMIT,BUY,1,1,2018-08-30T04:56:00.738,2018-08-30T04:56:00.752
choice-moving,Surfer2@bmm,4840,323,6654,6654,645,NULL,1313755,1313751,1313751,1313732,LIMIT,BUY,1,1,2018-08-30T04:56:00.743,2018-08-30T04:56:00.753
choice-moving,Surfer2@bmm,4840,323,6654,6654,645,NULL,1313756,1313751,1313751,1313758,LIMIT,BUY,1,1,2018-08-30T04:56:00.713,2018-08-30T04:56:03.154
choice-moving,Surfer4@bmm,4842,323,6654,6654,643,NULL,1313757,1313593,1313593,1313593,CANCEL,BUY,1,98,2018-08-30T04:56:01.890,2018-08-30T04:56:01.896
choice-moving,Surfer19@bmm,4857,323,6654,6654,645,NULL,1313758,1313758,1313758,1313756,LIMIT,SELL,1,1,2018-08-30T04:56:03.147,2018-08-30T04:56:03.154
choice-moving,Surfer7@bmm,4845,323,6654,6654,643,NULL,1313759,1313759,1313759,1313771,LIMIT,SELL,1,100,2018-08-30T04:56:03.348,2018-08-30T04:56:22.531
choice-moving,Surfer13@bmm,4851,323,6654,6654,645,NULL,1313760,1313760,1313760,1313518,LIMIT,BUY,1,2,2018-08-30T04:56:03.746,2018-08-30T04:56:03.763
choice-moving,Surfer8@bmm,4846,323,6654,6654,644,NULL,1313761,1313761,1313761,1313791,LIMIT,SELL,1,2,2018-08-30T04:56:05.274,2018-08-30T04:56:48.791
choice-moving,Surfer12@bmm,4850,323,6654,6654,644,NULL,1313762,1313610,1313610,1313610,CANCEL,SELL,1,10,2018-08-30T04:56:09.705,2018-08-30T04:56:09.710
choice-moving,Surfer4@bmm,4842,323,6654,6654,643,NULL,1313763,1313763,1313763,1313777,LIMIT,BUY,1,99,2018-08-30T04:56:11.058,2018-08-30T04:56:30.708
choice-moving,Surfer19@bmm,4857,323,6654,6654,645,NULL,1313764,1313764,1313764,NULL,LIMIT,SELL,1,1,2018-08-30T04:56:11.215,2018-08-30T04:56:11.218
choice-moving,Surfer8@bmm,4846,323,6654,6654,644,NULL,1313765,1313765,1313765,1313750,LIMIT,SELL,1,1,2018-08-30T04:56:12.108,2018-08-30T04:56:12.114
choice-moving,Surfer19@bmm,4857,323,6654,6654,645,NULL,1313766,1313766,1313766,NULL,LIMIT,SELL,1,1,2018-08-30T04:56:13.615,2018-08-30T04:56:13.618
choice-moving,Surfer10@bmm,4848,323,6654,6654,643,NULL,1313767,1313767,1313767,1313778,LIMIT,BUY,1,99,2018-08-30T04:56:14.044,2018-08-30T04:56:32.025
choice-moving,Surfer19@bmm,4857,323,6654,6654,645,NULL,1313768,1313768,1313768,NULL,LIMIT,SELL,1,1,2018-08-30T04:56:14.624,2018-08-30T04:56:14.627
choice-moving,Surfer13@bmm,4851,323,6654,6654,645,NULL,1313769,1313769,1313769,NULL,LIMIT,SELL,1,2,2018-08-30T04:56:18.931,2018-08-30T04:56:18.934
choice-moving,Surfer2@bmm,4840,323,6654,6654,644,NULL,1313770,1313770,1313770,1313774,LIMIT,BUY,1,1,2018-08-30T04:56:21.935,2018-08-30T04:56:27.679
choice-moving,Surfer7@bmm,4845,323,6654,6654,643,NULL,1313771,1313759,1313759,1313759,CANCEL,SELL,1,100,2018-08-30T04:56:22.526,2018-08-30T04:56:22.531
choice-moving,Surfer15@bmm,4853,323,6654,6654,643,NULL,1313772,1313772,1313772,1313679,LIMIT,SELL,1,99,2018-08-30T04:56:22.829,2018-08-30T04:56:22.837
choice-moving,Surfer12@bmm,4850,323,6654,6654,644,NULL,1313773,1313773,1313773,1313795,LIMIT,SELL,1,5,2018-08-30T04:56:24.359,2018-08-30T04:56:53.582
choice-moving,Surfer8@bmm,4846,323,6654,6654,644,NULL,1313774,1313774,1313774,1313770,LIMIT,SELL,1,1,2018-08-30T04:56:27.672,2018-08-30T04:56:27.678
choice-moving,Surfer7@bmm,4845,323,6654,6654,643,NULL,1313775,1313775,1313775,1313720,LIMIT,SELL,1,99,2018-08-30T04:56:28.124,2018-08-30T04:56:28.137
choice-moving,Surfer13@bmm,4851,323,6654,6654,645,NULL,1313776,1313776,1313776,NULL,LIMIT,SELL,1,1,2018-08-30T04:56:28.171,2018-08-30T04:56:28.174
choice-moving,Surfer15@bmm,4853,323,6654,6654,643,NULL,1313777,1313777,1313777,1313763,LIMIT,SELL,1,99,2018-08-30T04:56:30.702,2018-08-30T04:56:30.708
choice-moving,Surfer7@bmm,4845,323,6654,6654,643,NULL,1313778,1313778,1313778,1313767,LIMIT,SELL,1,99,2018-08-30T04:56:32.019,2018-08-30T04:56:32.025
choice-moving,Surfer11@bmm,4849,323,6654,6654,643,NULL,1313779,1313779,1313779,1313781,LIMIT,BUY,1,99,2018-08-30T04:56:32.843,2018-08-30T04:56:35.324
choice-moving,Surfer8@bmm,4846,323,6654,6654,645,NULL,1313780,1313780,1313780,1313744,LIMIT,SELL,1,0,2018-08-30T04:56:33.968,2018-08-30T04:56:33.976
choice-moving,Surfer11@bmm,4849,323,6654,6654,643,NULL,1313781,1313779,1313779,1313779,CANCEL,BUY,1,99,2018-08-30T04:56:35.318,2018-08-30T04:56:35.324
choice-moving,Surfer12@bmm,4850,323,6654,6654,644,NULL,1313782,1313782,1313782,1313784,LIMIT,SELL,1,1,2018-08-30T04:56:40.176,2018-08-30T04:56:41.495
choice-moving,Surfer7@bmm,4845,323,6654,6654,644,NULL,1313783,1313783,1313783,0,LIMIT,BUY,1,2,2018-08-30T04:56:41.485,2018-08-30T04:56:41.495
choice-moving,Surfer7@bmm,4845,323,6654,6654,644,NULL,1313784,1313783,1313783,1313782,LIMIT,BUY,1,1,2018-08-30T04:56:41.491,2018-08-30T04:56:41.495
choice-moving,Surfer1@bmm,4839,323,6654,6654,645,NULL,1313785,1313646,1313646,1313646,CANCEL,SELL,1,2,2018-08-30T04:56:44.084,2018-08-30T04:56:44.089
choice-moving,Surfer1@bmm,4839,323,6654,6654,645,NULL,1313786,1313646,1313646,1313786,CANCEL,SELL,1,2,2018-08-30T04:56:44.283,2018-08-30T04:56:44.288
choice-moving,Surfer1@bmm,4839,323,6654,6654,645,NULL,1313787,1313643,1313643,1313643,CANCEL,SELL,1,2,2018-08-30T04:56:44.833,2018-08-30T04:56:44.840
choice-moving,Surfer1@bmm,4839,323,6654,6654,645,NULL,1313788,1313448,1313448,1313448,CANCEL,SELL,1,38,2018-08-30T04:56:46.074,2018-08-30T04:56:46.080
choice-moving,Surfer1@bmm,4839,323,6654,6654,645,NULL,1313789,1313448,1313448,1313789,CANCEL,SELL,1,38,2018-08-30T04:56:46.272,2018-08-30T04:56:46.282
choice-moving,Surfer4@bmm,4842,323,6654,6654,643,NULL,1313790,1313790,1313790,NULL,LIMIT,BUY,1,97,2018-08-30T04:56:47.831,2018-08-30T04:56:47.834
choice-moving,Surfer5@bmm,4843,323,6654,6654,644,NULL,1313791,1313791,1313791,1313761,LIMIT,BUY,1,2,2018-08-30T04:56:48.775,2018-08-30T04:56:48.790
choice-moving,Surfer11@bmm,4849,323,6654,6654,643,NULL,1313792,1313792,1313792,1313806,LIMIT,BUY,1,98,2018-08-30T04:56:49.372,2018-08-30T04:56:58.143
choice-moving,Surfer13@bmm,4851,323,6654,6654,643,NULL,1313793,1313793,1313793,NULL,LIMIT,BUY,1,1,2018-08-30T04:56:52.720,2018-08-30T04:56:52.723
choice-moving,Surfer14@bmm,4852,323,6654,6654,644,NULL,1313794,1313794,1313794,0,LIMIT,BUY,1,70,2018-08-30T04:56:53.568,2018-08-30T04:56:53.581
choice-moving,Surfer14@bmm,4852,323,6654,6654,644,NULL,1313795,1313794,1313794,1313773,LIMIT,BUY,1,5,2018-08-30T04:56:53.578,2018-08-30T04:56:53.582
choice-moving,Surfer5@bmm,4843,323,6654,6654,644,NULL,1313796,1313796,1313796,1313798,LIMIT,SELL,1,3,2018-08-30T04:56:53.619,2018-08-30T04:56:53.782
choice-moving,Surfer14@bmm,4852,323,6654,6654,644,NULL,1313797,1313797,1313797,0,LIMIT,BUY,1,70,2018-08-30T04:56:53.771,2018-08-30T04:56:53.782
choice-moving,Surfer14@bmm,4852,323,6654,6654,644,NULL,1313798,1313797,1313797,1313796,LIMIT,BUY,1,3,2018-08-30T04:56:53.778,2018-08-30T04:56:53.782
choice-moving,Surfer14@bmm,4852,323,6654,6654,644,NULL,1313799,1313799,1313799,0,LIMIT,BUY,1,70,2018-08-30T04:56:53.821,2018-08-30T04:56:53.832
choice-moving,Surfer14@bmm,4852,323,6654,6654,644,NULL,1313800,1313799,1313799,1313603,LIMIT,BUY,1,10,2018-08-30T04:56:53.828,2018-08-30T04:56:53.832
choice-moving,Surfer14@bmm,4852,323,6654,6654,644,NULL,1313801,1313801,1313801,0,LIMIT,BUY,1,70,2018-08-30T04:56:53.846,2018-08-30T04:56:53.861
choice-moving,Surfer14@bmm,4852,323,6654,6654,644,NULL,1313802,1313801,1313801,1313516,LIMIT,BUY,1,21,2018-08-30T04:56:53.853,2018-08-30T04:56:53.861
choice-moving,Surfer15@bmm,4853,323,6654,6654,645,NULL,1313803,1313803,1313803,NULL,LIMIT,SELL,1,40,2018-08-30T04:56:55.010,2018-08-30T04:56:55.013
choice-moving,Surfer4@bmm,4842,323,6654,6654,643,NULL,1313804,1313804,1313804,NULL,LIMIT,BUY,1,99,2018-08-30T04:56:55.434,2018-08-30T04:56:55.438
choice-moving,Surfer7@bmm,4845,323,6654,6654,645,NULL,1313805,1313434,1313434,1313434,CANCEL,SELL,1,50,2018-08-30T04:56:56.354,2018-08-30T04:56:56.360
choice-moving,Surfer11@bmm,4849,323,6654,6654,643,NULL,1313806,1313792,1313792,1313792,CANCEL,BUY,1,98,2018-08-30T04:56:58.137,2018-08-30T04:56:58.143
choice-moving,Surfer15@bmm,4853,323,6654,6654,645,NULL,1313807,1313807,1313807,1313745,LIMIT,SELL,1,0,2018-08-30T04:57:09.108,2018-08-30T04:57:09.115
choice-moving,Surfer15@bmm,4853,323,6654,6654,645,NULL,1313808,1313808,1313808,1313746,LIMIT,SELL,1,0,2018-08-30T04:57:14.421,2018-08-30T04:57:14.427