account,email,owner,marketplace,session,period,market,target,order,original,supplier,consumer,type,side,units,price,createdDate,lastModifiedDate
choice-moving,Surfer11@bmm,4849,321,6389,6389,634,NULL,1059941,1059941,1059941,NULL,LIMIT,BUY,1,85,2018-08-17T04:28:40.264,2018-08-17T04:28:40.269
choice-moving,Surfer18@bmm,4856,321,6389,6389,634,NULL,1059942,1059942,1059942,1060100,LIMIT,BUY,1,75,2018-08-17T04:28:40.402,2018-08-17T04:32:17.947
choice-moving,Surfer10@bmm,4848,321,6389,6389,634,NULL,1059943,1059943,1059943,1059955,LIMIT,BUY,1,66,2018-08-17T04:28:40.607,2018-08-17T04:29:24.266
choice-moving,Surfer10@bmm,4848,321,6389,6389,635,NULL,1059944,1059944,1059944,1059953,LIMIT,BUY,1,80,2018-08-17T04:28:48.909,2018-08-17T04:29:22.796
choice-moving,Surfer15@bmm,4853,321,6389,6389,634,NULL,1059945,1059945,1059945,1060086,LIMIT,BUY,1,90,2018-08-17T04:28:49.969,2018-08-17T04:32:06.168
choice-moving,Surfer4@bmm,4842,321,6389,6389,634,NULL,1059946,1059946,1059946,NULL,LIMIT,BUY,1,62,2018-08-17T04:28:53.947,2018-08-17T04:28:53.949
choice-moving,Surfer4@bmm,4842,321,6389,6389,634,NULL,1059947,1059947,1059947,NULL,LIMIT,BUY,1,62,2018-08-17T04:28:54.685,2018-08-17T04:28:54.687
choice-moving,Surfer3@bmm,4841,321,6389,6389,637,NULL,1059948,1059948,1059948,1060025,LIMIT,SELL,1,18,2018-08-17T04:29:11.284,2018-08-17T04:30:55.676
choice-moving,Surfer3@bmm,4841,321,6389,6389,637,NULL,1059949,1059949,1059949,1060043,LIMIT,SELL,1,32,2018-08-17T04:29:13.242,2018-08-17T04:31:12.636
choice-moving,Surfer3@bmm,4841,321,6389,6389,637,NULL,1059950,1059950,1059950,1060044,LIMIT,SELL,1,15,2018-08-17T04:29:15.049,2018-08-17T04:31:13.863
choice-moving,Surfer3@bmm,4841,321,6389,6389,637,NULL,1059951,1059951,1059951,1060045,LIMIT,SELL,1,10,2018-08-17T04:29:18.235,2018-08-17T04:31:14.826
choice-moving,Surfer15@bmm,4853,321,6389,6389,637,NULL,1059952,1059952,1059952,1060124,LIMIT,SELL,1,16,2018-08-17T04:29:20.929,2018-08-17T04:33:03.081
choice-moving,Surfer10@bmm,4848,321,6389,6389,635,NULL,1059953,1059944,1059944,1059944,CANCEL,BUY,1,80,2018-08-17T04:29:22.792,2018-08-17T04:29:22.796
choice-moving,Surfer17@bmm,4855,321,6389,6389,635,NULL,1059954,1059954,1059954,1059958,LIMIT,SELL,1,80,2018-08-17T04:29:23.204,2018-08-17T04:29:27.366
choice-moving,Surfer10@bmm,4848,321,6389,6389,634,NULL,1059955,1059943,1059943,1059943,CANCEL,BUY,1,66,2018-08-17T04:29:24.260,2018-08-17T04:29:24.265
choice-moving,Surfer12@bmm,4850,321,6389,6389,634,NULL,1059956,1059956,1059956,NULL,LIMIT,BUY,1,92,2018-08-17T04:29:25.500,2018-08-17T04:29:25.502
choice-moving,Surfer12@bmm,4850,321,6389,6389,634,NULL,1059957,1059957,1059957,NULL,LIMIT,BUY,1,92,2018-08-17T04:29:26.713,2018-08-17T04:29:26.715
choice-moving,Surfer17@bmm,4855,321,6389,6389,635,NULL,1059958,1059954,1059954,1059954,CANCEL,SELL,1,80,2018-08-17T04:29:27.361,2018-08-17T04:29:27.365
choice-moving,Surfer4@bmm,4842,321,6389,6389,636,NULL,1059959,1059959,1059959,1060098,LIMIT,SELL,1,9,2018-08-17T04:29:27.483,2018-08-17T04:32:11.276
choice-moving,Surfer9@bmm,4847,321,6389,6389,635,NULL,1059960,1059960,1059960,1059971,LIMIT,SELL,1,70,2018-08-17T04:29:28.679,2018-08-17T04:29:45.789
choice-moving,Surfer19@bmm,4857,321,6389,6389,637,NULL,1059961,1059961,1059961,NULL,LIMIT,SELL,1,10,2018-08-17T04:29:28.739,2018-08-17T04:29:28.742
choice-moving,Surfer6@bmm,4844,321,6389,6389,636,NULL,1059962,1059962,1059962,1060282,LIMIT,SELL,1,3,2018-08-17T04:29:31.115,2018-08-17T04:36:15.779
choice-moving,Surfer19@bmm,4857,321,6389,6389,637,NULL,1059963,1059963,1059963,NULL,LIMIT,SELL,1,10,2018-08-17T04:29:31.247,2018-08-17T04:29:31.249
choice-moving,Surfer8@bmm,4846,321,6389,6389,634,NULL,1059964,1059964,1059964,1059976,LIMIT,SELL,1,100,2018-08-17T04:29:31.293,2018-08-17T04:30:00.265
choice-moving,Surfer19@bmm,4857,321,6389,6389,637,NULL,1059965,1059965,1059965,NULL,LIMIT,SELL,1,10,2018-08-17T04:29:31.661,2018-08-17T04:29:31.663
choice-moving,Surfer19@bmm,4857,321,6389,6389,637,NULL,1059966,1059966,1059966,NULL,LIMIT,SELL,1,10,2018-08-17T04:29:32.093,2018-08-17T04:29:32.095
choice-moving,Surfer4@bmm,4842,321,6389,6389,635,NULL,1059967,1059967,1059967,1059988,LIMIT,BUY,1,0,2018-08-17T04:29:33.060,2018-08-17T04:30:20.968
choice-moving,Surfer7@bmm,4845,321,6389,6389,637,NULL,1059968,1059968,1059968,1060125,LIMIT,SELL,1,20,2018-08-17T04:29:36.965,2018-08-17T04:33:05.163
choice-moving,Surfer6@bmm,4844,321,6389,6389,634,NULL,1059969,1059969,1059969,NULL,LIMIT,BUY,1,88,2018-08-17T04:29:39.375,2018-08-17T04:29:39.378
choice-moving,Surfer9@bmm,4847,321,6389,6389,634,NULL,1059970,1059970,1059970,NULL,LIMIT,BUY,2,62,2018-08-17T04:29:45.635,2018-08-17T04:29:45.637
choice-moving,Surfer4@bmm,4842,321,6389,6389,635,NULL,1059971,1059971,1059971,1059960,LIMIT,BUY,1,70,2018-08-17T04:29:45.782,2018-08-17T04:29:45.789
choice-moving,Surfer11@bmm,4849,321,6389,6389,637,NULL,1059972,1059972,1059972,1060145,LIMIT,SELL,1,1,2018-08-17T04:29:47.448,2018-08-17T04:33:21.226
choice-moving,Surfer13@bmm,4851,321,6389,6389,637,NULL,1059973,1059973,1059973,1060207,LIMIT,SELL,2,6,2018-08-17T04:29:56.215,2018-08-17T04:34:17.539
choice-moving,Surfer11@bmm,4849,321,6389,6389,637,NULL,1059974,1059974,1059974,0,LIMIT,SELL,3,1,2018-08-17T04:29:58.292,2018-08-17T04:34:14.555
choice-moving,Surfer3@bmm,4841,321,6389,6389,635,NULL,1059975,1059975,1059975,1059979,LIMIT,BUY,1,99,2018-08-17T04:29:58.982,2018-08-17T04:30:07.193
choice-moving,Surfer2@bmm,4840,321,6389,6389,634,NULL,1059976,1059976,1059976,1059964,LIMIT,BUY,1,100,2018-08-17T04:30:00.259,2018-08-17T04:30:00.265
choice-moving,Surfer3@bmm,4841,321,6389,6389,635,NULL,1059977,1059977,1059977,1059980,LIMIT,BUY,1,96,2018-08-17T04:30:00.433,2018-08-17T04:30:07.891
choice-moving,Surfer3@bmm,4841,321,6389,6389,635,NULL,1059978,1059978,1059978,1059981,LIMIT,BUY,1,93,2018-08-17T04:30:02.288,2018-08-17T04:30:08.575
choice-moving,Surfer3@bmm,4841,321,6389,6389,635,NULL,1059979,1059975,1059975,1059975,CANCEL,BUY,1,99,2018-08-17T04:30:07.188,2018-08-17T04:30:07.193
choice-moving,Surfer3@bmm,4841,321,6389,6389,635,NULL,1059980,1059977,1059977,1059977,CANCEL,BUY,1,96,2018-08-17T04:30:07.886,2018-08-17T04:30:07.891
choice-moving,Surfer3@bmm,4841,321,6389,6389,635,NULL,1059981,1059978,1059978,1059978,CANCEL,BUY,1,93,2018-08-17T04:30:08.570,2018-08-17T04:30:08.574
choice-moving,Surfer2@bmm,4840,321,6389,6389,636,NULL,1059982,1059982,1059982,NULL,LIMIT,SELL,1,8,2018-08-17T04:30:12.100,2018-08-17T04:30:12.103
choice-moving,Surfer1@bmm,4839,321,6389,6389,637,NULL,1059983,1059983,1059983,1060285,LIMIT,SELL,1,90,2018-08-17T04:30:14.050,2018-08-17T04:36:17.710
choice-moving,Surfer3@bmm,4841,321,6389,6389,634,NULL,1059984,1059984,1059984,1060277,LIMIT,BUY,1,96,2018-08-17T04:30:16.206,2018-08-17T04:35:59.944
choice-moving,Surfer3@bmm,4841,321,6389,6389,634,NULL,1059985,1059985,1059985,1060167,LIMIT,BUY,1,94,2018-08-17T04:30:17.552,2018-08-17T04:33:42.524
choice-moving,Surfer18@bmm,4856,321,6389,6389,636,NULL,1059986,1059986,1059986,1060066,LIMIT,SELL,1,5,2018-08-17T04:30:18.432,2018-08-17T04:31:42.880
choice-moving,Surfer3@bmm,4841,321,6389,6389,634,NULL,1059987,1059987,1059987,1060117,LIMIT,BUY,1,93,2018-08-17T04:30:19.489,2018-08-17T04:32:51.227
choice-moving,Surfer5@bmm,4843,321,6389,6389,635,NULL,1059988,1059988,1059988,1059967,LIMIT,SELL,1,0,2018-08-17T04:30:20.962,2018-08-17T04:30:20.968
choice-moving,Surfer3@bmm,4841,321,6389,6389,634,NULL,1059989,1059989,1059989,1060116,LIMIT,BUY,1,93,2018-08-17T04:30:21.730,2018-08-17T04:32:50.622
choice-moving,Surfer1@bmm,4839,321,6389,6389,637,NULL,1059990,1059990,1059990,1060283,LIMIT,SELL,1,90,2018-08-17T04:30:22.035,2018-08-17T04:36:16.831
choice-moving,Surfer4@bmm,4842,321,6389,6389,635,NULL,1059991,1059991,1059991,NULL,LIMIT,SELL,1,25,2018-08-17T04:30:23.047,2018-08-17T04:30:23.049
choice-moving,Surfer17@bmm,4855,321,6389,6389,637,NULL,1059992,1059992,1059992,NULL,LIMIT,SELL,1,40,2018-08-17T04:30:25.104,2018-08-17T04:30:25.107
choice-moving,Surfer4@bmm,4842,321,6389,6389,635,NULL,1059993,1059993,1059993,NULL,LIMIT,SELL,1,25,2018-08-17T04:30:25.184,2018-08-17T04:30:25.186
choice-moving,Surfer2@bmm,4840,321,6389,6389,634,NULL,1059994,1059994,1059994,1059996,LIMIT,SELL,1,100,2018-08-17T04:30:25.660,2018-08-17T04:30:27.087
choice-moving,Surfer17@bmm,4855,321,6389,6389,637,NULL,1059995,1059995,1059995,NULL,LIMIT,SELL,1,40,2018-08-17T04:30:26.623,2018-08-17T04:30:26.625
choice-moving,Surfer13@bmm,4851,321,6389,6389,634,NULL,1059996,1059996,1059996,1059994,LIMIT,BUY,1,100,2018-08-17T04:30:27.081,2018-08-17T04:30:27.087
choice-moving,Surfer5@bmm,4843,321,6389,6389,635,NULL,1059997,1059997,1059997,1060012,LIMIT,SELL,1,0,2018-08-17T04:30:28.158,2018-08-17T04:30:43.156
choice-moving,Surfer12@bmm,4850,321,6389,6389,636,NULL,1059998,1059998,1059998,1060090,LIMIT,SELL,1,2,2018-08-17T04:30:30.433,2018-08-17T04:32:07.832
choice-moving,Surfer12@bmm,4850,321,6389,6389,636,NULL,1059999,1059999,1059999,1060091,LIMIT,SELL,1,2,2018-08-17T04:30:31.466,2018-08-17T04:32:07.833
choice-moving,Surfer2@bmm,4840,321,6389,6389,634,NULL,1060000,1060000,1060000,NULL,LIMIT,BUY,1,31,2018-08-17T04:30:32.172,2018-08-17T04:30:32.174
choice-moving,Surfer5@bmm,4843,321,6389,6389,635,NULL,1060001,1060001,1060001,1060027,LIMIT,SELL,1,0,2018-08-17T04:30:32.472,2018-08-17T04:30:56.803
choice-moving,Surfer12@bmm,4850,321,6389,6389,636,NULL,1060002,1060002,1060002,1060092,LIMIT,SELL,1,2,2018-08-17T04:30:32.590,2018-08-17T04:32:07.833
choice-moving,Surfer5@bmm,4843,321,6389,6389,635,NULL,1060003,1060003,1060003,1060051,LIMIT,SELL,1,0,2018-08-17T04:30:33.875,2018-08-17T04:31:27.351
choice-moving,Surfer9@bmm,4847,321,6389,6389,637,NULL,1060004,1060004,1060004,NULL,LIMIT,SELL,1,30,2018-08-17T04:30:34.995,2018-08-17T04:30:34.998
choice-moving,Surfer12@bmm,4850,321,6389,6389,636,NULL,1060005,1060005,1060005,NULL,LIMIT,SELL,1,2,2018-08-17T04:30:35.240,2018-08-17T04:30:35.243
choice-moving,Surfer8@bmm,4846,321,6389,6389,634,NULL,1060006,1060006,1060006,1060018,LIMIT,SELL,1,100,2018-08-17T04:30:35.329,2018-08-17T04:30:46.104
choice-moving,Surfer15@bmm,4853,321,6389,6389,637,NULL,1060007,1060007,1060007,NULL,LIMIT,SELL,1,1,2018-08-17T04:30:36.103,2018-08-17T04:30:36.105
choice-moving,Surfer17@bmm,4855,321,6389,6389,634,NULL,1060008,1060008,1060008,1060010,LIMIT,BUY,1,62,2018-08-17T04:30:37.885,2018-08-17T04:30:41.368
choice-moving,Surfer1@bmm,4839,321,6389,6389,635,NULL,1060009,1060009,1060009,NULL,LIMIT,SELL,1,88,2018-08-17T04:30:41.219,2018-08-17T04:30:41.222
choice-moving,Surfer17@bmm,4855,321,6389,6389,634,NULL,1060010,1060008,1060008,1060008,CANCEL,BUY,1,62,2018-08-17T04:30:41.363,2018-08-17T04:30:41.367
choice-moving,Surfer4@bmm,4842,321,6389,6389,635,NULL,1060011,1060011,1060011,0,LIMIT,BUY,1,76,2018-08-17T04:30:43.148,2018-08-17T04:30:43.156
choice-moving,Surfer4@bmm,4842,321,6389,6389,635,NULL,1060012,1060011,1060011,1059997,LIMIT,BUY,1,0,2018-08-17T04:30:43.153,2018-08-17T04:30:43.157
choice-moving,Surfer13@bmm,4851,321,6389,6389,634,NULL,1060013,1060013,1060013,1060040,LIMIT,SELL,1,100,2018-08-17T04:30:43.636,2018-08-17T04:31:10.340
choice-moving,Surfer1@bmm,4839,321,6389,6389,635,NULL,1060014,1060014,1060014,NULL,LIMIT,SELL,1,88,2018-08-17T04:30:44.157,2018-08-17T04:30:44.160
choice-moving,Surfer3@bmm,4841,321,6389,6389,635,NULL,1060015,1060015,1060015,1060083,LIMIT,SELL,1,10,2018-08-17T04:30:44.284,2018-08-17T04:32:01.458
choice-moving,Surfer3@bmm,4841,321,6389,6389,635,NULL,1060016,1060016,1060016,1060081,LIMIT,SELL,1,10,2018-08-17T04:30:45.323,2018-08-17T04:32:00.022
choice-moving,Surfer2@bmm,4840,321,6389,6389,634,NULL,1060017,1060017,1060017,NULL,LIMIT,BUY,1,8,2018-08-17T04:30:45.413,2018-08-17T04:30:45.416
choice-moving,Surfer17@bmm,4855,321,6389,6389,634,NULL,1060018,1060018,1060018,1060006,LIMIT,BUY,1,100,2018-08-17T04:30:46.098,2018-08-17T04:30:46.103
choice-moving,Surfer3@bmm,4841,321,6389,6389,635,NULL,1060019,1060019,1060019,1060099,LIMIT,SELL,1,9,2018-08-17T04:30:47.228,2018-08-17T04:32:13.251
choice-moving,Surfer2@bmm,4840,321,6389,6389,634,NULL,1060020,1060020,1060020,NULL,LIMIT,BUY,1,12,2018-08-17T04:30:49.100,2018-08-17T04:30:49.102
choice-moving,Surfer3@bmm,4841,321,6389,6389,635,NULL,1060021,1060021,1060021,1060097,LIMIT,SELL,1,12,2018-08-17T04:30:50.216,2018-08-17T04:32:09.543
choice-moving,Surfer2@bmm,4840,321,6389,6389,634,NULL,1060022,1060022,1060022,NULL,LIMIT,BUY,1,12,2018-08-17T04:30:50.813,2018-08-17T04:30:50.815
choice-moving,Surfer2@bmm,4840,321,6389,6389,634,NULL,1060023,1060023,1060023,NULL,LIMIT,BUY,1,12,2018-08-17T04:30:52.388,2018-08-17T04:30:52.391
choice-moving,Surfer2@bmm,4840,321,6389,6389,634,NULL,1060024,1060024,1060024,NULL,LIMIT,BUY,1,12,2018-08-17T04:30:54.115,2018-08-17T04:30:54.117
choice-moving,Surfer3@bmm,4841,321,6389,6389,637,NULL,1060025,1059948,1059948,1059948,CANCEL,SELL,1,18,2018-08-17T04:30:55.671,2018-08-17T04:30:55.675
choice-moving,Surfer8@bmm,4846,321,6389,6389,635,NULL,1060026,1060026,1060026,0,LIMIT,BUY,1,88,2018-08-17T04:30:56.794,2018-08-17T04:30:56.803
choice-moving,Surfer8@bmm,4846,321,6389,6389,635,NULL,1060027,1060026,1060026,1060001,LIMIT,BUY,1,0,2018-08-17T04:30:56.799,2018-08-17T04:30:56.803
choice-moving,Surfer6@bmm,4844,321,6389,6389,636,NULL,1060028,1060028,1060028,1060244,LIMIT,SELL,1,8,2018-08-17T04:30:56.923,2018-08-17T04:35:05.787
choice-moving,Surfer2@bmm,4840,321,6389,6389,634,NULL,1060029,1060029,1060029,NULL,LIMIT,BUY,1,12,2018-08-17T04:30:57.075,2018-08-17T04:30:57.077
choice-moving,Surfer19@bmm,4857,321,6389,6389,635,NULL,1060030,1060030,1060030,NULL,LIMIT,SELL,1,10,2018-08-17T04:30:57.742,2018-08-17T04:30:57.744
choice-moving,Surfer19@bmm,4857,321,6389,6389,635,NULL,1060031,1060031,1060031,NULL,LIMIT,SELL,1,10,2018-08-17T04:30:58.344,2018-08-17T04:30:58.347
choice-moving,Surfer19@bmm,4857,321,6389,6389,635,NULL,1060032,1060032,1060032,NULL,LIMIT,SELL,1,10,2018-08-17T04:30:58.640,2018-08-17T04:30:58.643
choice-moving,Surfer9@bmm,4847,321,6389,6389,635,NULL,1060033,1060033,1060033,NULL,LIMIT,SELL,1,76,2018-08-17T04:30:58.782,2018-08-17T04:30:58.784
choice-moving,Surfer19@bmm,4857,321,6389,6389,635,NULL,1060034,1060034,1060034,NULL,LIMIT,SELL,1,10,2018-08-17T04:30:58.885,2018-08-17T04:30:58.888
choice-moving,Surfer4@bmm,4842,321,6389,6389,636,NULL,1060035,1060035,1060035,1060096,LIMIT,SELL,1,50,2018-08-17T04:30:59.348,2018-08-17T04:32:09.344
choice-moving,Surfer4@bmm,4842,321,6389,6389,636,NULL,1060036,1060036,1060036,1060093,LIMIT,SELL,1,50,2018-08-17T04:30:59.923,2018-08-17T04:32:08.232
choice-moving,Surfer2@bmm,4840,321,6389,6389,634,NULL,1060037,1060037,1060037,NULL,LIMIT,BUY,1,12,2018-08-17T04:31:00.264,2018-08-17T04:31:00.266
choice-moving,Surfer4@bmm,4842,321,6389,6389,636,NULL,1060038,1060038,1060038,1060088,LIMIT,SELL,1,50,2018-08-17T04:31:01.187,2018-08-17T04:32:07.421
choice-moving,Surfer2@bmm,4840,321,6389,6389,634,NULL,1060039,1060039,1060039,NULL,LIMIT,BUY,1,12,2018-08-17T04:31:02.683,2018-08-17T04:31:02.685
choice-moving,Surfer6@bmm,4844,321,6389,6389,634,NULL,1060040,1060040,1060040,1060013,LIMIT,BUY,1,100,2018-08-17T04:31:10.334,2018-08-17T04:31:10.340
choice-moving,Surfer13@bmm,4851,321,6389,6389,635,NULL,1060041,1060041,1060041,1060059,LIMIT,SELL,1,8,2018-08-17T04:31:10.582,2018-08-17T04:31:31.855
choice-moving,Surfer9@bmm,4847,321,6389,6389,634,NULL,1060042,1060042,1060042,NULL,LIMIT,BUY,1,75,2018-08-17T04:31:11.392,2018-08-17T04:31:11.395
choice-moving,Surfer3@bmm,4841,321,6389,6389,637,NULL,1060043,1059949,1059949,1059949,CANCEL,SELL,1,32,2018-08-17T04:31:12.631,2018-08-17T04:31:12.636
choice-moving,Surfer3@bmm,4841,321,6389,6389,637,NULL,1060044,1059950,1059950,1059950,CANCEL,SELL,1,15,2018-08-17T04:31:13.857,2018-08-17T04:31:13.862
choice-moving,Surfer3@bmm,4841,321,6389,6389,637,NULL,1060045,1059951,1059951,1059951,CANCEL,SELL,1,10,2018-08-17T04:31:14.822,2018-08-17T04:31:14.826
choice-moving,Surfer5@bmm,4843,321,6389,6389,637,NULL,1060046,1060046,1060046,1060048,LIMIT,SELL,1,0,2018-08-17T04:31:15.703,2018-08-17T04:31:22.248
choice-moving,Surfer2@bmm,4840,321,6389,6389,636,NULL,1060047,1060047,1060047,1060069,LIMIT,SELL,1,0,2018-08-17T04:31:19.004,2018-08-17T04:31:46.481
choice-moving,Surfer5@bmm,4843,321,6389,6389,637,NULL,1060048,1060048,1060048,1060046,LIMIT,BUY,1,0,2018-08-17T04:31:22.243,2018-08-17T04:31:22.247
choice-moving,Surfer1@bmm,4839,321,6389,6389,634,NULL,1060049,1060049,1060049,NULL,LIMIT,BUY,1,45,2018-08-17T04:31:24.663,2018-08-17T04:31:24.665
choice-moving,Surfer19@bmm,4857,321,6389,6389,635,NULL,1060050,1060050,1060050,0,LIMIT,BUY,1,75,2018-08-17T04:31:27.342,2018-08-17T04:31:27.351
choice-moving,Surfer19@bmm,4857,321,6389,6389,635,NULL,1060051,1060050,1060050,1060003,LIMIT,BUY,1,0,2018-08-17T04:31:27.348,2018-08-17T04:31:27.351
choice-moving,Surfer14@bmm,4852,321,6389,6389,634,NULL,1060052,1060052,1060052,1060064,LIMIT,BUY,1,95,2018-08-17T04:31:27.729,2018-08-17T04:31:34.673
choice-moving,Surfer3@bmm,4841,321,6389,6389,637,NULL,1060053,1060053,1060053,NULL,LIMIT,SELL,1,1,2018-08-17T04:31:27.874,2018-08-17T04:31:27.876
choice-moving,Surfer3@bmm,4841,321,6389,6389,637,NULL,1060054,1060054,1060054,NULL,LIMIT,SELL,1,1,2018-08-17T04:31:28.544,2018-08-17T04:31:28.546
choice-moving,Surfer3@bmm,4841,321,6389,6389,637,NULL,1060055,1060055,1060055,NULL,LIMIT,SELL,1,1,2018-08-17T04:31:29.345,2018-08-17T04:31:29.347
choice-moving,Surfer3@bmm,4841,321,6389,6389,637,NULL,1060056,1060056,1060056,NULL,LIMIT,SELL,1,1,2018-08-17T04:31:30.793,2018-08-17T04:31:30.795
choice-moving,Surfer4@bmm,4842,321,6389,6389,635,NULL,1060057,1060057,1060057,1060205,LIMIT,BUY,1,0,2018-08-17T04:31:31.319,2018-08-17T04:34:15.162
choice-moving,Surfer15@bmm,4853,321,6389,6389,637,NULL,1060058,1060058,1060058,NULL,LIMIT,SELL,1,1,2018-08-17T04:31:31.833,2018-08-17T04:31:31.835
choice-moving,Surfer2@bmm,4840,321,6389,6389,635,NULL,1060059,1060059,1060059,1060041,LIMIT,BUY,1,8,2018-08-17T04:31:31.844,2018-08-17T04:31:31.854
choice-moving,Surfer14@bmm,4852,321,6389,6389,634,NULL,1060060,1060060,1060060,NULL,LIMIT,BUY,1,97,2018-08-17T04:31:32.414,2018-08-17T04:31:32.417
choice-moving,Surfer15@bmm,4853,321,6389,6389,637,NULL,1060061,1060061,1060061,NULL,LIMIT,SELL,1,1,2018-08-17T04:31:32.789,2018-08-17T04:31:32.792
choice-moving,Surfer5@bmm,4843,321,6389,6389,637,NULL,1060062,1060062,1060062,1060073,LIMIT,SELL,1,0,2018-08-17T04:31:33.076,2018-08-17T04:31:53.621
choice-moving,Surfer10@bmm,4848,321,6389,6389,634,NULL,1060063,1060063,1060063,1060139,LIMIT,BUY,1,97,2018-08-17T04:31:33.454,2018-08-17T04:33:14.608
choice-moving,Surfer14@bmm,4852,321,6389,6389,634,NULL,1060064,1060052,1060052,1060052,CANCEL,BUY,1,95,2018-08-17T04:31:34.669,2018-08-17T04:31:34.673
choice-moving,Surfer2@bmm,4840,321,6389,6389,635,NULL,1060065,1060065,1060065,NULL,LIMIT,SELL,1,8,2018-08-17T04:31:36.179,2018-08-17T04:31:36.181
choice-moving,Surfer18@bmm,4856,321,6389,6389,636,NULL,1060066,1059986,1059986,1059986,CANCEL,SELL,1,5,2018-08-17T04:31:42.875,2018-08-17T04:31:42.880
choice-moving,Surfer11@bmm,4849,321,6389,6389,635,NULL,1060067,1060067,1060067,1060237,LIMIT,SELL,4,5,2018-08-17T04:31:44.886,2018-08-17T04:34:46.343
choice-moving,Surfer1@bmm,4839,321,6389,6389,635,NULL,1060068,1060068,1060068,NULL,LIMIT,SELL,1,70,2018-08-17T04:31:46.356,2018-08-17T04:31:46.359
choice-moving,Surfer4@bmm,4842,321,6389,6389,636,NULL,1060069,1060069,1060069,1060047,LIMIT,BUY,1,0,2018-08-17T04:31:46.474,2018-08-17T04:31:46.481
choice-moving,Surfer15@bmm,4853,321,6389,6389,635,NULL,1060070,1060070,1060070,1060103,LIMIT,SELL,1,10,2018-08-17T04:31:49.012,2018-08-17T04:32:19.926
choice-moving,Surfer2@bmm,4840,321,6389,6389,634,NULL,1060071,1060071,1060071,NULL,LIMIT,BUY,1,6,2018-08-17T04:31:51.491,2018-08-17T04:31:51.494
choice-moving,Surfer15@bmm,4853,321,6389,6389,635,NULL,1060072,1060072,1060072,1060101,LIMIT,SELL,1,5,2018-08-17T04:31:52.591,2018-08-17T04:32:18.818
choice-moving,Surfer10@bmm,4848,321,6389,6389,637,NULL,1060073,1060073,1060073,1060062,LIMIT,BUY,1,0,2018-08-17T04:31:53.616,2018-08-17T04:31:53.621
choice-moving,Surfer14@bmm,4852,321,6389,6389,636,NULL,1060074,1060074,1060074,NULL,LIMIT,SELL,1,96,2018-08-17T04:31:53.661,2018-08-17T04:31:53.663
choice-moving,Surfer15@bmm,4853,321,6389,6389,635,NULL,1060075,1060075,1060075,1060078,LIMIT,SELL,1,5,2018-08-17T04:31:53.747,2018-08-17T04:31:56.207
choice-moving,Surfer2@bmm,4840,321,6389,6389,634,NULL,1060076,1060076,1060076,NULL,LIMIT,BUY,1,6,2018-08-17T04:31:53.794,2018-08-17T04:31:53.796
choice-moving,Surfer2@bmm,4840,321,6389,6389,634,NULL,1060077,1060077,1060077,NULL,LIMIT,BUY,1,6,2018-08-17T04:31:54.826,2018-08-17T04:31:54.829
choice-moving,Surfer15@bmm,4853,321,6389,6389,635,NULL,1060078,1060075,1060075,1060075,CANCEL,SELL,1,5,2018-08-17T04:31:56.203,2018-08-17T04:31:56.207
choice-moving,Surfer15@bmm,4853,321,6389,6389,635,NULL,1060079,1060079,1060079,NULL,LIMIT,SELL,1,3,2018-08-17T04:31:59.422,2018-08-17T04:31:59.424
choice-moving,Surfer2@bmm,4840,321,6389,6389,636,NULL,1060080,1060080,1060080,NULL,LIMIT,SELL,1,5,2018-08-17T04:31:59.514,2018-08-17T04:31:59.516
choice-moving,Surfer3@bmm,4841,321,6389,6389,635,NULL,1060081,1060016,1060016,1060016,CANCEL,SELL,1,10,2018-08-17T04:32:00.016,2018-08-17T04:32:00.022
choice-moving,Surfer1@bmm,4839,321,6389,6389,637,NULL,1060082,1060082,1060082,NULL,LIMIT,SELL,1,41,2018-08-17T04:32:00.657,2018-08-17T04:32:00.659
choice-moving,Surfer3@bmm,4841,321,6389,6389,635,NULL,1060083,1060015,1060015,1060015,CANCEL,SELL,1,10,2018-08-17T04:32:01.453,2018-08-17T04:32:01.458
choice-moving,Surfer2@bmm,4840,321,6389,6389,636,NULL,1060084,1060084,1060084,NULL,LIMIT,SELL,1,5,2018-08-17T04:32:02.441,2018-08-17T04:32:02.443
choice-moving,Surfer3@bmm,4841,321,6389,6389,635,NULL,1060085,1060085,1060085,1060191,LIMIT,SELL,1,2,2018-08-17T04:32:05.056,2018-08-17T04:34:07.164
choice-moving,Surfer15@bmm,4853,321,6389,6389,634,NULL,1060086,1059945,1059945,1059945,CANCEL,BUY,1,90,2018-08-17T04:32:06.163,2018-08-17T04:32:06.168
choice-moving,Surfer3@bmm,4841,321,6389,6389,635,NULL,1060087,1060087,1060087,1060153,LIMIT,SELL,1,2,2018-08-17T04:32:07.248,2018-08-17T04:33:34.280
choice-moving,Surfer4@bmm,4842,321,6389,6389,636,NULL,1060088,1060038,1060038,1060038,CANCEL,SELL,1,50,2018-08-17T04:32:07.416,2018-08-17T04:32:07.421
choice-moving,Surfer17@bmm,4855,321,6389,6389,636,NULL,1060089,1060089,1060089,0,LIMIT,BUY,3,9,2018-08-17T04:32:07.812,2018-08-17T04:32:07.832
choice-moving,Surfer17@bmm,4855,321,6389,6389,636,NULL,1060090,1060089,1060089,1059998,LIMIT,BUY,1,2,2018-08-17T04:32:07.818,2018-08-17T04:32:07.833
choice-moving,Surfer17@bmm,4855,321,6389,6389,636,NULL,1060091,1060089,1060089,1059999,LIMIT,BUY,1,2,2018-08-17T04:32:07.822,2018-08-17T04:32:07.833
choice-moving,Surfer17@bmm,4855,321,6389,6389,636,NULL,1060092,1060089,1060089,1060002,LIMIT,BUY,1,2,2018-08-17T04:32:07.825,2018-08-17T04:32:07.833
choice-moving,Surfer4@bmm,4842,321,6389,6389,636,NULL,1060093,1060036,1060036,1060036,CANCEL,SELL,1,50,2018-08-17T04:32:08.225,2018-08-17T04:32:08.231
choice-moving,Surfer7@bmm,4845,321,6389,6389,635,NULL,1060094,1060094,1060094,NULL,LIMIT,SELL,1,20,2018-08-17T04:32:08.360,2018-08-17T04:32:08.363
choice-moving,Surfer5@bmm,4843,321,6389,6389,634,NULL,1060095,1060095,1060095,NULL,LIMIT,BUY,1,0,2018-08-17T04:32:08.654,2018-08-17T04:32:08.657
choice-moving,Surfer4@bmm,4842,321,6389,6389,636,NULL,1060096,1060035,1060035,1060035,CANCEL,SELL,1,50,2018-08-17T04:32:09.339,2018-08-17T04:32:09.344
choice-moving,Surfer3@bmm,4841,321,6389,6389,635,NULL,1060097,1060021,1060021,1060021,CANCEL,SELL,1,12,2018-08-17T04:32:09.539,2018-08-17T04:32:09.543
choice-moving,Surfer4@bmm,4842,321,6389,6389,636,NULL,1060098,1059959,1059959,1059959,CANCEL,SELL,1,9,2018-08-17T04:32:11.272,2018-08-17T04:32:11.276
choice-moving,Surfer3@bmm,4841,321,6389,6389,635,NULL,1060099,1060019,1060019,1060019,CANCEL,SELL,1,9,2018-08-17T04:32:13.247,2018-08-17T04:32:13.251
choice-moving,Surfer18@bmm,4856,321,6389,6389,634,NULL,1060100,1059942,1059942,1059942,CANCEL,BUY,1,75,2018-08-17T04:32:17.940,2018-08-17T04:32:17.947
choice-moving,Surfer15@bmm,4853,321,6389,6389,635,NULL,1060101,1060072,1060072,1060072,CANCEL,SELL,1,5,2018-08-17T04:32:18.809,2018-08-17T04:32:18.817
choice-moving,Surfer5@bmm,4843,321,6389,6389,634,NULL,1060102,1060102,1060102,NULL,LIMIT,BUY,1,0,2018-08-17T04:32:19.030,2018-08-17T04:32:19.032
choice-moving,Surfer15@bmm,4853,321,6389,6389,635,NULL,1060103,1060070,1060070,1060070,CANCEL,SELL,1,10,2018-08-17T04:32:19.921,2018-08-17T04:32:19.926
choice-moving,Surfer15@bmm,4853,321,6389,6389,635,NULL,1060104,1060104,1060104,1060141,LIMIT,SELL,1,1,2018-08-17T04:32:22.943,2018-08-17T04:33:18.063
choice-moving,Surfer4@bmm,4842,321,6389,6389,636,NULL,1060105,1060105,1060105,NULL,LIMIT,SELL,1,4,2018-08-17T04:32:24.191,2018-08-17T04:32:24.194
choice-moving,Surfer4@bmm,4842,321,6389,6389,636,NULL,1060106,1060106,1060106,NULL,LIMIT,SELL,1,4,2018-08-17T04:32:24.434,2018-08-17T04:32:24.437
choice-moving,Surfer4@bmm,4842,321,6389,6389,636,NULL,1060107,1060107,1060107,NULL,LIMIT,SELL,1,4,2018-08-17T04:32:24.835,2018-08-17T04:32:24.838
choice-moving,Surfer4@bmm,4842,321,6389,6389,636,NULL,1060108,1060108,1060108,NULL,LIMIT,SELL,1,4,2018-08-17T04:32:24.846,2018-08-17T04:32:24.848
choice-moving,Surfer15@bmm,4853,321,6389,6389,635,NULL,1060109,1060109,1060109,1060189,LIMIT,SELL,1,1,2018-08-17T04:32:24.853,2018-08-17T04:34:05.599
choice-moving,Surfer4@bmm,4842,321,6389,6389,636,NULL,1060110,1060110,1060110,NULL,LIMIT,SELL,1,4,2018-08-17T04:32:25.061,2018-08-17T04:32:25.063
choice-moving,Surfer9@bmm,4847,321,6389,6389,635,NULL,1060111,1060111,1060111,NULL,LIMIT,SELL,1,80,2018-08-17T04:32:25.649,2018-08-17T04:32:25.651
choice-moving,Surfer10@bmm,4848,321,6389,6389,634,NULL,1060112,1060112,1060112,1060136,LIMIT,BUY,1,98,2018-08-17T04:32:29.071,2018-08-17T04:33:13.932
choice-moving,Surfer15@bmm,4853,321,6389,6389,635,NULL,1060113,1060113,1060113,NULL,LIMIT,BUY,1,0,2018-08-17T04:32:37.479,2018-08-17T04:32:37.480
choice-moving,Surfer6@bmm,4844,321,6389,6389,636,NULL,1060114,1060114,1060114,1060164,LIMIT,SELL,1,1,2018-08-17T04:32:43.527,2018-08-17T04:33:40.315
choice-moving,Surfer9@bmm,4847,321,6389,6389,635,NULL,1060115,1060115,1060115,NULL,LIMIT,BUY,2,0,2018-08-17T04:32:46.105,2018-08-17T04:32:46.107
choice-moving,Surfer3@bmm,4841,321,6389,6389,634,NULL,1060116,1059989,1059989,1059989,CANCEL,BUY,1,93,2018-08-17T04:32:50.615,2018-08-17T04:32:50.621
choice-moving,Surfer3@bmm,4841,321,6389,6389,634,NULL,1060117,1059987,1059987,1059987,CANCEL,BUY,1,93,2018-08-17T04:32:51.223,2018-08-17T04:32:51.227
choice-moving,Surfer17@bmm,4855,321,6389,6389,635,NULL,1060118,1060118,1060118,NULL,LIMIT,SELL,1,86,2018-08-17T04:32:53.380,2018-08-17T04:32:53.383
choice-moving,Surfer17@bmm,4855,321,6389,6389,635,NULL,1060119,1060119,1060119,NULL,LIMIT,SELL,1,86,2018-08-17T04:32:54.429,2018-08-17T04:32:54.431
choice-moving,Surfer17@bmm,4855,321,6389,6389,635,NULL,1060120,1060120,1060120,NULL,LIMIT,SELL,1,86,2018-08-17T04:32:55.018,2018-08-17T04:32:55.021
choice-moving,Surfer3@bmm,4841,321,6389,6389,634,NULL,1060121,1060121,1060121,1060131,LIMIT,BUY,1,99,2018-08-17T04:32:57.706,2018-08-17T04:33:09.291
choice-moving,Surfer9@bmm,4847,321,6389,6389,635,NULL,1060122,1060122,1060122,NULL,LIMIT,BUY,2,0,2018-08-17T04:32:58.923,2018-08-17T04:32:58.926
choice-moving,Surfer3@bmm,4841,321,6389,6389,634,NULL,1060123,1060123,1060123,1060150,LIMIT,BUY,1,99,2018-08-17T04:33:00.633,2018-08-17T04:33:29.683
choice-moving,Surfer15@bmm,4853,321,6389,6389,637,NULL,1060124,1059952,1059952,1059952,CANCEL,SELL,1,16,2018-08-17T04:33:03.076,2018-08-17T04:33:03.081
choice-moving,Surfer7@bmm,4845,321,6389,6389,637,NULL,1060125,1059968,1059968,1059968,CANCEL,SELL,1,20,2018-08-17T04:33:05.159,2018-08-17T04:33:05.163
choice-moving,Surfer15@bmm,4853,321,6389,6389,637,NULL,1060126,1060126,1060126,NULL,LIMIT,SELL,1,1,2018-08-17T04:33:06.299,2018-08-17T04:33:06.303
choice-moving,Surfer2@bmm,4840,321,6389,6389,634,NULL,1060127,1060127,1060127,NULL,LIMIT,BUY,1,7,2018-08-17T04:33:06.310,2018-08-17T04:33:06.312
choice-moving,Surfer1@bmm,4839,321,6389,6389,637,NULL,1060128,1060128,1060128,NULL,LIMIT,SELL,1,40,2018-08-17T04:33:06.495,2018-08-17T04:33:06.497
choice-moving,Surfer17@bmm,4855,321,6389,6389,635,NULL,1060129,1060129,1060129,1060132,LIMIT,SELL,1,20,2018-08-17T04:33:07.415,2018-08-17T04:33:11.027
choice-moving,Surfer2@bmm,4840,321,6389,6389,634,NULL,1060130,1060130,1060130,0,LIMIT,SELL,1,7,2018-08-17T04:33:09.283,2018-08-17T04:33:09.291
choice-moving,Surfer2@bmm,4840,321,6389,6389,634,NULL,1060131,1060130,1060130,1060121,LIMIT,SELL,1,99,2018-08-17T04:33:09.288,2018-08-17T04:33:09.292
choice-moving,Surfer17@bmm,4855,321,6389,6389,635,NULL,1060132,1060129,1060129,1060129,CANCEL,SELL,1,20,2018-08-17T04:33:11.023,2018-08-17T04:33:11.027
choice-moving,Surfer16@bmm,4854,321,6389,6389,634,NULL,1060133,1060133,1060133,NULL,LIMIT,BUY,3,6,2018-08-17T04:33:11.682,2018-08-17T04:33:11.684
choice-moving,Surfer16@bmm,4854,321,6389,6389,634,NULL,1060134,1060134,1060134,NULL,LIMIT,BUY,3,6,2018-08-17T04:33:11.883,2018-08-17T04:33:11.885
choice-moving,Surfer6@bmm,4844,321,6389,6389,634,NULL,1060135,1060135,1060135,1060157,LIMIT,BUY,1,99,2018-08-17T04:33:12.752,2018-08-17T04:33:35.623
choice-moving,Surfer10@bmm,4848,321,6389,6389,634,NULL,1060136,1060112,1060112,1060112,CANCEL,BUY,1,98,2018-08-17T04:33:13.928,2018-08-17T04:33:13.932
choice-moving,Surfer16@bmm,4854,321,6389,6389,634,NULL,1060137,1060137,1060137,NULL,LIMIT,BUY,3,6,2018-08-17T04:33:14.194,2018-08-17T04:33:14.196
choice-moving,Surfer7@bmm,4845,321,6389,6389,637,NULL,1060138,1060138,1060138,NULL,LIMIT,SELL,1,15,2018-08-17T04:33:14.398,2018-08-17T04:33:14.400
choice-moving,Surfer10@bmm,4848,321,6389,6389,634,NULL,1060139,1060063,1060063,1060063,CANCEL,BUY,1,97,2018-08-17T04:33:14.603,2018-08-17T04:33:14.608
choice-moving,Surfer2@bmm,4840,321,6389,6389,635,NULL,1060140,1060140,1060140,0,LIMIT,BUY,1,8,2018-08-17T04:33:18.055,2018-08-17T04:33:18.063
choice-moving,Surfer2@bmm,4840,321,6389,6389,635,NULL,1060141,1060140,1060140,1060104,LIMIT,BUY,1,1,2018-08-17T04:33:18.060,2018-08-17T04:33:18.063
choice-moving,Surfer17@bmm,4855,321,6389,6389,637,NULL,1060142,1060142,1060142,NULL,LIMIT,SELL,1,28,2018-08-17T04:33:18.282,2018-08-17T04:33:18.284
choice-moving,Surfer2@bmm,4840,321,6389,6389,635,NULL,1060143,1060143,1060143,NULL,LIMIT,SELL,1,8,2018-08-17T04:33:21.176,2018-08-17T04:33:21.178
choice-moving,Surfer10@bmm,4848,321,6389,6389,637,NULL,1060144,1060144,1060144,0,LIMIT,BUY,1,99,2018-08-17T04:33:21.215,2018-08-17T04:33:21.226
choice-moving,Surfer10@bmm,4848,321,6389,6389,637,NULL,1060145,1060144,1060144,1059972,LIMIT,BUY,1,1,2018-08-17T04:33:21.223,2018-08-17T04:33:21.226
choice-moving,Surfer17@bmm,4855,321,6389,6389,637,NULL,1060146,1060146,1060146,NULL,LIMIT,SELL,1,28,2018-08-17T04:33:21.322,2018-08-17T04:33:21.324
choice-moving,Surfer2@bmm,4840,321,6389,6389,634,NULL,1060147,1060147,1060147,NULL,LIMIT,BUY,1,8,2018-08-17T04:33:27.036,2018-08-17T04:33:27.039
choice-moving,Surfer16@bmm,4854,321,6389,6389,634,NULL,1060148,1060148,1060148,NULL,LIMIT,BUY,1,6,2018-08-17T04:33:29.524,2018-08-17T04:33:29.526
choice-moving,Surfer2@bmm,4840,321,6389,6389,634,NULL,1060149,1060149,1060149,0,LIMIT,SELL,1,8,2018-08-17T04:33:29.674,2018-08-17T04:33:29.683
choice-moving,Surfer2@bmm,4840,321,6389,6389,634,NULL,1060150,1060149,1060149,1060123,LIMIT,SELL,1,99,2018-08-17T04:33:29.680,2018-08-17T04:33:29.683
choice-moving,Surfer18@bmm,4856,321,6389,6389,636,NULL,1060151,1060151,1060151,1060182,LIMIT,SELL,1,1,2018-08-17T04:33:30.505,2018-08-17T04:33:58.917
choice-moving,Surfer2@bmm,4840,321,6389,6389,634,NULL,1060152,1060152,1060152,NULL,LIMIT,BUY,1,28,2018-08-17T04:33:33.422,2018-08-17T04:33:33.424
choice-moving,Surfer3@bmm,4841,321,6389,6389,635,NULL,1060153,1060087,1060087,1060087,CANCEL,SELL,1,2,2018-08-17T04:33:34.275,2018-08-17T04:33:34.280
choice-moving,Surfer10@bmm,4848,321,6389,6389,634,NULL,1060154,1060154,1060154,1060166,LIMIT,BUY,1,99,2018-08-17T04:33:34.731,2018-08-17T04:33:40.738
choice-moving,Surfer18@bmm,4856,321,6389,6389,636,NULL,1060155,1060155,1060155,NULL,LIMIT,SELL,1,3,2018-08-17T04:33:35.362,2018-08-17T04:33:35.364
choice-moving,Surfer2@bmm,4840,321,6389,6389,634,NULL,1060156,1060156,1060156,0,LIMIT,SELL,1,28,2018-08-17T04:33:35.589,2018-08-17T04:33:35.623
choice-moving,Surfer2@bmm,4840,321,6389,6389,634,NULL,1060157,1060156,1060156,1060135,LIMIT,SELL,1,99,2018-08-17T04:33:35.620,2018-08-17T04:33:35.623
choice-moving,Surfer18@bmm,4856,321,6389,6389,636,NULL,1060158,1060158,1060158,NULL,LIMIT,SELL,1,5,2018-08-17T04:33:36.800,2018-08-17T04:33:36.803
choice-moving,Surfer13@bmm,4851,321,6389,6389,637,NULL,1060159,1060159,1060159,NULL,LIMIT,SELL,2,1,2018-08-17T04:33:37.265,2018-08-17T04:33:37.267
choice-moving,Surfer3@bmm,4841,321,6389,6389,635,NULL,1060160,1060160,1060160,1060288,LIMIT,SELL,1,1,2018-08-17T04:33:38.609,2018-08-17T04:36:21.067
choice-moving,Surfer2@bmm,4840,321,6389,6389,634,NULL,1060161,1060161,1060161,NULL,LIMIT,BUY,1,89,2018-08-17T04:33:38.752,2018-08-17T04:33:38.754
choice-moving,Surfer18@bmm,4856,321,6389,6389,636,NULL,1060162,1060162,1060162,NULL,LIMIT,SELL,1,7,2018-08-17T04:33:39.313,2018-08-17T04:33:39.315
choice-moving,Surfer7@bmm,4845,321,6389,6389,636,NULL,1060163,1060163,1060163,0,LIMIT,BUY,1,2,2018-08-17T04:33:40.306,2018-08-17T04:33:40.314
choice-moving,Surfer7@bmm,4845,321,6389,6389,636,NULL,1060164,1060163,1060163,1060114,LIMIT,BUY,1,1,2018-08-17T04:33:40.311,2018-08-17T04:33:40.315
choice-moving,Surfer2@bmm,4840,321,6389,6389,634,NULL,1060165,1060165,1060165,0,LIMIT,SELL,1,89,2018-08-17T04:33:40.727,2018-08-17T04:33:40.737
choice-moving,Surfer2@bmm,4840,321,6389,6389,634,NULL,1060166,1060165,1060165,1060154,LIMIT,SELL,1,99,2018-08-17T04:33:40.734,2018-08-17T04:33:40.738
choice-moving,Surfer3@bmm,4841,321,6389,6389,634,NULL,1060167,1059985,1059985,1059985,CANCEL,BUY,1,94,2018-08-17T04:33:42.519,2018-08-17T04:33:42.524
choice-moving,Surfer16@bmm,4854,321,6389,6389,634,NULL,1060168,1060168,1060168,NULL,LIMIT,BUY,1,62,2018-08-17T04:33:43.224,2018-08-17T04:33:43.226
choice-moving,Surfer2@bmm,4840,321,6389,6389,634,NULL,1060169,1060169,1060169,NULL,LIMIT,BUY,1,89,2018-08-17T04:33:43.292,2018-08-17T04:33:43.294
choice-moving,Surfer8@bmm,4846,321,6389,6389,634,NULL,1060170,1060170,1060170,1060230,LIMIT,SELL,1,100,2018-08-17T04:33:46.459,2018-08-17T04:34:40.262
choice-moving,Surfer1@bmm,4839,321,6389,6389,634,NULL,1060171,1060171,1060171,NULL,LIMIT,BUY,1,52,2018-08-17T04:33:46.923,2018-08-17T04:33:46.925
choice-moving,Surfer3@bmm,4841,321,6389,6389,634,NULL,1060172,1060172,1060172,1060174,LIMIT,SELL,1,99,2018-08-17T04:33:47.625,2018-08-17T04:33:49.725
choice-moving,Surfer10@bmm,4848,321,6389,6389,637,NULL,1060173,1060173,1060173,1060259,LIMIT,SELL,2,1,2018-08-17T04:33:48.447,2018-08-17T04:35:36.162
choice-moving,Surfer3@bmm,4841,321,6389,6389,634,NULL,1060174,1060172,1060172,1060172,CANCEL,SELL,1,99,2018-08-17T04:33:49.720,2018-08-17T04:33:49.724
choice-moving,Surfer2@bmm,4840,321,6389,6389,634,NULL,1060175,1060175,1060175,NULL,LIMIT,BUY,1,20,2018-08-17T04:33:51.212,2018-08-17T04:33:51.215
choice-moving,Surfer9@bmm,4847,321,6389,6389,634,NULL,1060176,1060176,1060176,NULL,LIMIT,BUY,1,75,2018-08-17T04:33:54.581,2018-08-17T04:33:54.583
choice-moving,Surfer7@bmm,4845,321,6389,6389,636,NULL,1060177,1060177,1060177,NULL,LIMIT,SELL,1,2,2018-08-17T04:33:56.065,2018-08-17T04:33:56.068
choice-moving,Surfer3@bmm,4841,321,6389,6389,634,NULL,1060178,1060178,1060178,1060263,LIMIT,BUY,1,99,2018-08-17T04:33:56.119,2018-08-17T04:35:41.020
choice-moving,Surfer19@bmm,4857,321,6389,6389,635,NULL,1060179,1060179,1060179,NULL,LIMIT,SELL,1,1,2018-08-17T04:33:56.353,2018-08-17T04:33:56.355
choice-moving,Surfer10@bmm,4848,321,6389,6389,634,NULL,1060180,1060180,1060180,1060187,LIMIT,BUY,1,98,2018-08-17T04:33:57.324,2018-08-17T04:34:01.720
choice-moving,Surfer2@bmm,4840,321,6389,6389,636,NULL,1060181,1060181,1060181,0,LIMIT,BUY,1,14,2018-08-17T04:33:58.908,2018-08-17T04:33:58.917
choice-moving,Surfer2@bmm,4840,321,6389,6389,636,NULL,1060182,1060181,1060181,1060151,LIMIT,BUY,1,1,2018-08-17T04:33:58.913,2018-08-17T04:33:58.917
choice-moving,Surfer3@bmm,4841,321,6389,6389,634,NULL,1060183,1060183,1060183,NULL,LIMIT,BUY,1,98,2018-08-17T04:33:59.347,2018-08-17T04:33:59.349
choice-moving,Surfer10@bmm,4848,321,6389,6389,634,NULL,1060184,1060184,1060184,1060268,LIMIT,BUY,1,99,2018-08-17T04:34:00.643,2018-08-17T04:35:44.076
choice-moving,Surfer2@bmm,4840,321,6389,6389,636,NULL,1060185,1060185,1060185,NULL,LIMIT,SELL,1,14,2018-08-17T04:34:01.179,2018-08-17T04:34:01.181
choice-moving,Surfer16@bmm,4854,321,6389,6389,634,NULL,1060186,1060186,1060186,NULL,LIMIT,BUY,1,62,2018-08-17T04:34:01.695,2018-08-17T04:34:01.698
choice-moving,Surfer10@bmm,4848,321,6389,6389,634,NULL,1060187,1060180,1060180,1060180,CANCEL,BUY,1,98,2018-08-17T04:34:01.714,2018-08-17T04:34:01.720
choice-moving,Surfer2@bmm,4840,321,6389,6389,635,NULL,1060188,1060188,1060188,0,LIMIT,BUY,1,15,2018-08-17T04:34:05.589,2018-08-17T04:34:05.599
choice-moving,Surfer2@bmm,4840,321,6389,6389,635,NULL,1060189,1060188,1060188,1060109,LIMIT,BUY,1,1,2018-08-17T04:34:05.596,2018-08-17T04:34:05.599
choice-moving,Surfer16@bmm,4854,321,6389,6389,634,NULL,1060190,1060190,1060190,NULL,LIMIT,BUY,1,7,2018-08-17T04:34:06.211,2018-08-17T04:34:06.214
choice-moving,Surfer3@bmm,4841,321,6389,6389,635,NULL,1060191,1060085,1060085,1060085,CANCEL,SELL,1,2,2018-08-17T04:34:07.160,2018-08-17T04:34:07.164
choice-moving,Surfer4@bmm,4842,321,6389,6389,635,NULL,1060192,1060192,1060192,1060201,LIMIT,BUY,6,0,2018-08-17T04:34:07.594,2018-08-17T04:34:14.620
choice-moving,Surfer2@bmm,4840,321,6389,6389,635,NULL,1060193,1060193,1060193,NULL,LIMIT,SELL,1,15,2018-08-17T04:34:07.822,2018-08-17T04:34:07.825
choice-moving,Surfer13@bmm,4851,321,6389,6389,635,NULL,1060194,1060194,1060194,NULL,LIMIT,SELL,3,1,2018-08-17T04:34:09.725,2018-08-17T04:34:09.727
choice-moving,Surfer3@bmm,4841,321,6389,6389,635,NULL,1060195,1060195,1060195,NULL,LIMIT,SELL,1,1,2018-08-17T04:34:12.069,2018-08-17T04:34:12.072
choice-moving,Surfer17@bmm,4855,321,6389,6389,634,NULL,1060196,1060196,1060196,NULL,LIMIT,BUY,1,66,2018-08-17T04:34:13.346,2018-08-17T04:34:13.348
choice-moving,Surfer2@bmm,4840,321,6389,6389,637,NULL,1060197,1060197,1060197,0,LIMIT,BUY,1,11,2018-08-17T04:34:14.541,2018-08-17T04:34:14.555
choice-moving,Surfer2@bmm,4840,321,6389,6389,637,NULL,1060198,1060197,1060197,1060199,LIMIT,BUY,1,1,2018-08-17T04:34:14.547,2018-08-17T04:34:14.555
choice-moving,Surfer11@bmm,4849,321,6389,6389,637,NULL,1060199,1059974,1059974,1060198,LIMIT,SELL,1,1,2018-08-17T04:34:14.549,2018-08-17T04:34:14.555
choice-moving,Surfer11@bmm,4849,321,6389,6389,637,NULL,1060200,1059974,1059974,0,LIMIT,SELL,2,1,2018-08-17T04:29:58.292,2018-08-17T04:34:19.699
choice-moving,Surfer4@bmm,4842,321,6389,6389,635,NULL,1060201,1060192,1060192,1060192,CANCEL,BUY,6,0,2018-08-17T04:34:14.616,2018-08-17T04:34:14.620
choice-moving,Surfer10@bmm,4848,321,6389,6389,636,NULL,1060202,1060202,1060202,0,LIMIT,SELL,4,1,2018-08-17T04:34:14.642,2018-08-17T04:34:27.322
choice-moving,Surfer17@bmm,4855,321,6389,6389,634,NULL,1060203,1060203,1060203,NULL,LIMIT,BUY,1,66,2018-08-17T04:34:14.996,2018-08-17T04:34:14.998
choice-moving,Surfer18@bmm,4856,321,6389,6389,635,NULL,1060204,1060204,1060204,NULL,LIMIT,BUY,1,0,2018-08-17T04:34:15.074,2018-08-17T04:34:15.077
choice-moving,Surfer4@bmm,4842,321,6389,6389,635,NULL,1060205,1060057,1060057,1060057,CANCEL,BUY,1,0,2018-08-17T04:34:15.157,2018-08-17T04:34:15.162
choice-moving,Surfer2@bmm,4840,321,6389,6389,637,NULL,1060206,1060206,1060206,NULL,LIMIT,SELL,1,11,2018-08-17T04:34:16.941,2018-08-17T04:34:16.943
choice-moving,Surfer13@bmm,4851,321,6389,6389,637,NULL,1060207,1059973,1059973,1059973,CANCEL,SELL,2,6,2018-08-17T04:34:17.534,2018-08-17T04:34:17.538
choice-moving,Surfer9@bmm,4847,321,6389,6389,635,NULL,1060208,1060208,1060208,NULL,LIMIT,SELL,1,99,2018-08-17T04:34:18.900,2018-08-17T04:34:18.903
choice-moving,Surfer2@bmm,4840,321,6389,6389,637,NULL,1060209,1060209,1060209,0,LIMIT,BUY,1,11,2018-08-17T04:34:19.684,2018-08-17T04:34:19.699
choice-moving,Surfer2@bmm,4840,321,6389,6389,637,NULL,1060210,1060209,1060209,1060211,LIMIT,BUY,1,1,2018-08-17T04:34:19.689,2018-08-17T04:34:19.699
choice-moving,Surfer11@bmm,4849,321,6389,6389,637,NULL,1060211,1059974,1060200,1060210,LIMIT,SELL,1,1,2018-08-17T04:34:19.692,2018-08-17T04:34:19.700
choice-moving,Surfer11@bmm,4849,321,6389,6389,637,NULL,1060212,1059974,1060200,NULL,LIMIT,SELL,1,1,2018-08-17T04:29:58.292,2018-08-17T04:34:19.700
choice-moving,Surfer16@bmm,4854,321,6389,6389,634,NULL,1060213,1060213,1060213,NULL,LIMIT,BUY,1,7,2018-08-17T04:34:20.779,2018-08-17T04:34:20.781
choice-moving,Surfer17@bmm,4855,321,6389,6389,635,NULL,1060214,1060214,1060214,NULL,LIMIT,SELL,1,72,2018-08-17T04:34:21.483,2018-08-17T04:34:21.485
choice-moving,Surfer16@bmm,4854,321,6389,6389,634,NULL,1060215,1060215,1060215,NULL,LIMIT,BUY,1,7,2018-08-17T04:34:21.667,2018-08-17T04:34:21.670
choice-moving,Surfer2@bmm,4840,321,6389,6389,637,NULL,1060216,1060216,1060216,NULL,LIMIT,SELL,1,11,2018-08-17T04:34:22.771,2018-08-17T04:34:22.774
choice-moving,Surfer3@bmm,4841,321,6389,6389,635,NULL,1060217,1060217,1060217,NULL,LIMIT,SELL,1,1,2018-08-17T04:34:22.841,2018-08-17T04:34:22.843
choice-moving,Surfer3@bmm,4841,321,6389,6389,635,NULL,1060218,1060218,1060218,NULL,LIMIT,SELL,1,1,2018-08-17T04:34:23.840,2018-08-17T04:34:23.842
choice-moving,Surfer18@bmm,4856,321,6389,6389,636,NULL,1060219,1060219,1060219,1060242,LIMIT,BUY,1,0,2018-08-17T04:34:24.914,2018-08-17T04:34:54.386
choice-moving,Surfer13@bmm,4851,321,6389,6389,637,NULL,1060220,1060220,1060220,1060291,LIMIT,SELL,2,1,2018-08-17T04:34:26.238,2018-08-17T04:36:29.650
choice-moving,Surfer2@bmm,4840,321,6389,6389,636,NULL,1060221,1060221,1060221,0,LIMIT,BUY,1,9,2018-08-17T04:34:27.308,2018-08-17T04:34:27.321
choice-moving,Surfer2@bmm,4840,321,6389,6389,636,NULL,1060222,1060221,1060221,1060223,LIMIT,BUY,1,1,2018-08-17T04:34:27.313,2018-08-17T04:34:27.322
choice-moving,Surfer10@bmm,4848,321,6389,6389,636,NULL,1060223,1060202,1060202,1060222,LIMIT,SELL,1,1,2018-08-17T04:34:27.315,2018-08-17T04:34:27.322
choice-moving,Surfer10@bmm,4848,321,6389,6389,636,NULL,1060224,1060202,1060202,1060278,LIMIT,SELL,3,1,2018-08-17T04:34:14.642,2018-08-17T04:36:06.819
choice-moving,Surfer18@bmm,4856,321,6389,6389,637,NULL,1060225,1060225,1060225,1060243,LIMIT,BUY,1,0,2018-08-17T04:34:27.792,2018-08-17T04:35:00.692
choice-moving,Surfer1@bmm,4839,321,6389,6389,634,NULL,1060226,1060226,1060226,NULL,LIMIT,BUY,1,78,2018-08-17T04:34:30.003,2018-08-17T04:34:30.006
choice-moving,Surfer2@bmm,4840,321,6389,6389,636,NULL,1060227,1060227,1060227,NULL,LIMIT,SELL,1,9,2018-08-17T04:34:30.020,2018-08-17T04:34:30.022
choice-moving,Surfer2@bmm,4840,321,6389,6389,634,NULL,1060228,1060228,1060228,NULL,LIMIT,BUY,1,19,2018-08-17T04:34:34.828,2018-08-17T04:34:34.830
choice-moving,Surfer17@bmm,4855,321,6389,6389,636,NULL,1060229,1060229,1060229,NULL,LIMIT,SELL,1,10,2018-08-17T04:34:35.354,2018-08-17T04:34:35.356
choice-moving,Surfer8@bmm,4846,321,6389,6389,634,NULL,1060230,1060170,1060170,1060170,CANCEL,SELL,1,100,2018-08-17T04:34:40.256,2018-08-17T04:34:40.262
choice-moving,Surfer8@bmm,4846,321,6389,6389,634,NULL,1060231,1060231,1060231,1060249,LIMIT,SELL,1,100,2018-08-17T04:34:42.361,2018-08-17T04:35:17.289
choice-moving,Surfer2@bmm,4840,321,6389,6389,634,NULL,1060232,1060232,1060232,NULL,LIMIT,BUY,1,4,2018-08-17T04:34:43.131,2018-08-17T04:34:43.133
choice-moving,Surfer9@bmm,4847,321,6389,6389,637,NULL,1060233,1060233,1060233,NULL,LIMIT,SELL,1,18,2018-08-17T04:34:44.123,2018-08-17T04:34:44.125
choice-moving,Surfer6@bmm,4844,321,6389,6389,636,NULL,1060234,1060234,1060234,NULL,LIMIT,SELL,1,1,2018-08-17T04:34:44.529,2018-08-17T04:34:44.532
choice-moving,Surfer10@bmm,4848,321,6389,6389,635,NULL,1060235,1060235,1060235,1060270,LIMIT,BUY,6,0,2018-08-17T04:34:45.435,2018-08-17T04:35:47.299
choice-moving,Surfer16@bmm,4854,321,6389,6389,636,NULL,1060236,1060236,1060236,NULL,LIMIT,SELL,1,9,2018-08-17T04:34:45.554,2018-08-17T04:34:45.556
choice-moving,Surfer11@bmm,4849,321,6389,6389,635,NULL,1060237,1060067,1060067,1060067,CANCEL,SELL,4,5,2018-08-17T04:34:46.338,2018-08-17T04:34:46.342
choice-moving,Surfer16@bmm,4854,321,6389,6389,636,NULL,1060238,1060238,1060238,NULL,LIMIT,SELL,1,6,2018-08-17T04:34:48.578,2018-08-17T04:34:48.580
choice-moving,Surfer16@bmm,4854,321,6389,6389,636,NULL,1060239,1060239,1060239,NULL,LIMIT,SELL,1,4,2018-08-17T04:34:50.784,2018-08-17T04:34:50.787
choice-moving,Surfer9@bmm,4847,321,6389,6389,637,NULL,1060240,1060240,1060240,NULL,LIMIT,SELL,1,10,2018-08-17T04:34:52.723,2018-08-17T04:34:52.725
choice-moving,Surfer11@bmm,4849,321,6389,6389,635,NULL,1060241,1060241,1060241,NULL,LIMIT,SELL,4,1,2018-08-17T04:34:53.995,2018-08-17T04:34:53.997
choice-moving,Surfer16@bmm,4854,321,6389,6389,636,NULL,1060242,1060242,1060242,1060219,LIMIT,SELL,1,0,2018-08-17T04:34:54.378,2018-08-17T04:34:54.386
choice-moving,Surfer5@bmm,4843,321,6389,6389,637,NULL,1060243,1060243,1060243,1060225,LIMIT,SELL,1,0,2018-08-17T04:35:00.685,2018-08-17T04:35:00.692
choice-moving,Surfer6@bmm,4844,321,6389,6389,636,NULL,1060244,1060028,1060028,1060028,CANCEL,SELL,1,8,2018-08-17T04:35:05.782,2018-08-17T04:35:05.787
choice-moving,Surfer9@bmm,4847,321,6389,6389,637,NULL,1060245,1060245,1060245,NULL,LIMIT,SELL,1,19,2018-08-17T04:35:06.386,2018-08-17T04:35:06.388
choice-moving,Surfer6@bmm,4844,321,6389,6389,636,NULL,1060246,1060246,1060246,NULL,LIMIT,SELL,1,1,2018-08-17T04:35:09.285,2018-08-17T04:35:09.289
choice-moving,Surfer5@bmm,4843,321,6389,6389,637,NULL,1060247,1060247,1060247,1060256,LIMIT,SELL,1,0,2018-08-17T04:35:09.810,2018-08-17T04:35:34.534
choice-moving,Surfer5@bmm,4843,321,6389,6389,637,NULL,1060248,1060248,1060248,1060257,LIMIT,SELL,1,0,2018-08-17T04:35:12.085,2018-08-17T04:35:34.534
choice-moving,Surfer6@bmm,4844,321,6389,6389,634,NULL,1060249,1060249,1060249,1060231,LIMIT,BUY,1,100,2018-08-17T04:35:17.284,2018-08-17T04:35:17.289
choice-moving,Surfer4@bmm,4842,321,6389,6389,635,NULL,1060250,1060250,1060250,1060252,LIMIT,BUY,12,0,2018-08-17T04:35:25.714,2018-08-17T04:35:27.651
choice-moving,Surfer9@bmm,4847,321,6389,6389,634,NULL,1060251,1060251,1060251,NULL,LIMIT,BUY,7,12,2018-08-17T04:35:26.412,2018-08-17T04:35:26.414
choice-moving,Surfer4@bmm,4842,321,6389,6389,635,NULL,1060252,1060250,1060250,1060250,CANCEL,BUY,12,0,2018-08-17T04:35:27.646,2018-08-17T04:35:27.651
choice-moving,Surfer4@bmm,4842,321,6389,6389,635,NULL,1060253,1060250,1060250,1060253,CANCEL,BUY,12,0,2018-08-17T04:35:27.892,2018-08-17T04:35:27.897
choice-moving,Surfer8@bmm,4846,321,6389,6389,634,NULL,1060254,1060254,1060254,1060261,LIMIT,SELL,1,100,2018-08-17T04:35:28.917,2018-08-17T04:35:38.706
choice-moving,Surfer10@bmm,4848,321,6389,6389,637,NULL,1060255,1060255,1060255,0,LIMIT,BUY,2,0,2018-08-17T04:35:34.521,2018-08-17T04:35:34.534
choice-moving,Surfer10@bmm,4848,321,6389,6389,637,NULL,1060256,1060255,1060255,1060247,LIMIT,BUY,1,0,2018-08-17T04:35:34.527,2018-08-17T04:35:34.534
choice-moving,Surfer10@bmm,4848,321,6389,6389,637,NULL,1060257,1060255,1060255,1060248,LIMIT,BUY,1,0,2018-08-17T04:35:34.530,2018-08-17T04:35:34.535
choice-moving,Surfer6@bmm,4844,321,6389,6389,634,NULL,1060258,1060258,1060258,1060293,LIMIT,BUY,1,99,2018-08-17T04:35:34.940,2018-08-17T04:36:31.697
choice-moving,Surfer10@bmm,4848,321,6389,6389,637,NULL,1060259,1060173,1060173,1060173,CANCEL,SELL,2,1,2018-08-17T04:35:36.157,2018-08-17T04:35:36.162
choice-moving,Surfer16@bmm,4854,321,6389,6389,634,NULL,1060260,1060260,1060260,NULL,LIMIT,BUY,1,4,2018-08-17T04:35:38.657,2018-08-17T04:35:38.659
choice-moving,Surfer6@bmm,4844,321,6389,6389,634,NULL,1060261,1060261,1060261,1060254,LIMIT,BUY,1,100,2018-08-17T04:35:38.700,2018-08-17T04:35:38.706
choice-moving,Surfer14@bmm,4852,321,6389,6389,634,NULL,1060262,1060262,1060262,0,LIMIT,SELL,1,95,2018-08-17T04:35:41.011,2018-08-17T04:35:41.020
choice-moving,Surfer14@bmm,4852,321,6389,6389,634,NULL,1060263,1060262,1060262,1060178,LIMIT,SELL,1,99,2018-08-17T04:35:41.016,2018-08-17T04:35:41.020
choice-moving,Surfer18@bmm,4856,321,6389,6389,637,NULL,1060264,1060264,1060264,NULL,LIMIT,BUY,1,0,2018-08-17T04:35:41.670,2018-08-17T04:35:41.673
choice-moving,Surfer16@bmm,4854,321,6389,6389,634,NULL,1060265,1060265,1060265,NULL,LIMIT,BUY,1,4,2018-08-17T04:35:42.320,2018-08-17T04:35:42.323
choice-moving,Surfer2@bmm,4840,321,6389,6389,634,NULL,1060266,1060266,1060266,NULL,LIMIT,BUY,1,19,2018-08-17T04:35:43.160,2018-08-17T04:35:43.162
choice-moving,Surfer14@bmm,4852,321,6389,6389,634,NULL,1060267,1060267,1060267,0,LIMIT,SELL,1,95,2018-08-17T04:35:44.068,2018-08-17T04:35:44.076
choice-moving,Surfer14@bmm,4852,321,6389,6389,634,NULL,1060268,1060267,1060267,1060184,LIMIT,SELL,1,99,2018-08-17T04:35:44.073,2018-08-17T04:35:44.076
choice-moving,Surfer18@bmm,4856,321,6389,6389,636,NULL,1060269,1060269,1060269,1060284,LIMIT,BUY,1,0,2018-08-17T04:35:45.085,2018-08-17T04:36:16.847
choice-moving,Surfer10@bmm,4848,321,6389,6389,635,NULL,1060270,1060235,1060235,1060235,CANCEL,BUY,6,0,2018-08-17T04:35:47.294,2018-08-17T04:35:47.299
choice-moving,Surfer4@bmm,4842,321,6389,6389,636,NULL,1060271,1060271,1060271,NULL,LIMIT,BUY,1,0,2018-08-17T04:35:48.608,2018-08-17T04:35:48.611
choice-moving,Surfer2@bmm,4840,321,6389,6389,634,NULL,1060272,1060272,1060272,NULL,LIMIT,BUY,1,19,2018-08-17T04:35:48.994,2018-08-17T04:35:48.996
choice-moving,Surfer8@bmm,4846,321,6389,6389,634,NULL,1060273,1060273,1060273,1060274,LIMIT,BUY,1,100,2018-08-17T04:35:50.249,2018-08-17T04:35:50.400
choice-moving,Surfer17@bmm,4855,321,6389,6389,634,NULL,1060274,1060274,1060274,1060273,LIMIT,SELL,1,100,2018-08-17T04:35:50.394,2018-08-17T04:35:50.400
choice-moving,Surfer2@bmm,4840,321,6389,6389,634,NULL,1060275,1060275,1060275,NULL,LIMIT,BUY,1,19,2018-08-17T04:35:52.673,2018-08-17T04:35:52.676
choice-moving,Surfer2@bmm,4840,321,6389,6389,634,NULL,1060276,1060276,1060276,NULL,LIMIT,BUY,1,19,2018-08-17T04:35:54.188,2018-08-17T04:35:54.190
choice-moving,Surfer3@bmm,4841,321,6389,6389,634,NULL,1060277,1059984,1059984,1059984,CANCEL,BUY,1,96,2018-08-17T04:35:59.937,2018-08-17T04:35:59.944
choice-moving,Surfer10@bmm,4848,321,6389,6389,636,NULL,1060278,1060202,1060202,1060224,CANCEL,SELL,3,1,2018-08-17T04:36:06.812,2018-08-17T04:36:06.818
choice-moving,Surfer3@bmm,4841,321,6389,6389,634,NULL,1060279,1060279,1060279,NULL,LIMIT,BUY,1,99,2018-08-17T04:36:08.418,2018-08-17T04:36:08.420
choice-moving,Surfer14@bmm,4852,321,6389,6389,636,NULL,1060280,1060280,1060280,NULL,LIMIT,SELL,1,3,2018-08-17T04:36:10.547,2018-08-17T04:36:10.549
choice-moving,Surfer11@bmm,4849,321,6389,6389,634,NULL,1060281,1060281,1060281,NULL,LIMIT,BUY,1,99,2018-08-17T04:36:10.625,2018-08-17T04:36:10.628
choice-moving,Surfer6@bmm,4844,321,6389,6389,636,NULL,1060282,1059962,1059962,1059962,CANCEL,SELL,1,3,2018-08-17T04:36:15.774,2018-08-17T04:36:15.779
choice-moving,Surfer1@bmm,4839,321,6389,6389,637,NULL,1060283,1059990,1059990,1059990,CANCEL,SELL,1,90,2018-08-17T04:36:16.826,2018-08-17T04:36:16.831
choice-moving,Surfer6@bmm,4844,321,6389,6389,636,NULL,1060284,1060284,1060284,1060269,LIMIT,SELL,1,0,2018-08-17T04:36:16.842,2018-08-17T04:36:16.847
choice-moving,Surfer1@bmm,4839,321,6389,6389,637,NULL,1060285,1059983,1059983,1059983,CANCEL,SELL,1,90,2018-08-17T04:36:17.706,2018-08-17T04:36:17.710
choice-moving,Surfer1@bmm,4839,321,6389,6389,637,NULL,1060286,1060286,1060286,NULL,LIMIT,SELL,1,22,2018-08-17T04:36:19.067,2018-08-17T04:36:19.070
choice-moving,Surfer8@bmm,4846,321,6389,6389,635,NULL,1060287,1060287,1060287,0,LIMIT,BUY,1,71,2018-08-17T04:36:21.058,2018-08-17T04:36:21.066
choice-moving,Surfer8@bmm,4846,321,6389,6389,635,NULL,1060288,1060287,1060287,1060160,LIMIT,BUY,1,1,2018-08-17T04:36:21.063,2018-08-17T04:36:21.067
choice-moving,Surfer1@bmm,4839,321,6389,6389,637,NULL,1060289,1060289,1060289,NULL,LIMIT,SELL,1,22,2018-08-17T04:36:21.171,2018-08-17T04:36:21.173
choice-moving,Surfer9@bmm,4847,321,6389,6389,634,NULL,1060290,1060290,1060290,NULL,LIMIT,BUY,6,62,2018-08-17T04:36:25.059,2018-08-17T04:36:25.061
choice-moving,Surfer13@bmm,4851,321,6389,6389,637,NULL,1060291,1060220,1060220,1060220,CANCEL,SELL,2,1,2018-08-17T04:36:29.646,2018-08-17T04:36:29.650
choice-moving,Surfer14@bmm,4852,321,6389,6389,634,NULL,1060292,1060292,1060292,0,LIMIT,SELL,1,60,2018-08-17T04:36:31.688,2018-08-17T04:36:31.696
choice-moving,Surfer14@bmm,4852,321,6389,6389,634,NULL,1060293,1060292,1060292,1060258,LIMIT,SELL,1,99,2018-08-17T04:36:31.693,2018-08-17T04:36:31.697
choice-moving,Surfer6@bmm,4844,321,6389,6389,634,NULL,1060294,1060294,1060294,NULL,LIMIT,BUY,1,100,2018-08-17T04:36:34.228,2018-08-17T04:36:34.230