account,email,owner,marketplace,session,period,market,target,order,original,supplier,consumer,type,side,units,price,createdDate,lastModifiedDate
choice-moving,Surfer10@bmm,4848,322,6390,6390,638,NULL,1060295,1060295,1060295,1060353,LIMIT,BUY,1,68,2018-08-17T04:38:12.203,2018-08-17T04:39:12.660
choice-moving,Surfer3@bmm,4841,322,6390,6390,638,NULL,1060296,1060296,1060296,1060693,LIMIT,BUY,1,72,2018-08-17T04:38:12.592,2018-08-17T04:44:01.307
choice-moving,Surfer3@bmm,4841,322,6390,6390,638,NULL,1060297,1060297,1060297,1060696,LIMIT,BUY,1,80,2018-08-17T04:38:13.703,2018-08-17T04:44:03.256
choice-moving,Surfer10@bmm,4848,322,6390,6390,638,NULL,1060298,1060298,1060298,1060355,LIMIT,BUY,1,80,2018-08-17T04:38:15.004,2018-08-17T04:39:13.140
choice-moving,Surfer3@bmm,4841,322,6390,6390,638,NULL,1060299,1060299,1060299,1060744,LIMIT,BUY,1,57,2018-08-17T04:38:15.910,2018-08-17T04:45:30.552
choice-moving,Surfer3@bmm,4841,322,6390,6390,638,NULL,1060300,1060300,1060300,1060376,LIMIT,BUY,1,84,2018-08-17T04:38:18.896,2018-08-17T04:39:22.615
choice-moving,Surfer3@bmm,4841,322,6390,6390,638,NULL,1060301,1060301,1060301,1060352,LIMIT,BUY,1,90,2018-08-17T04:38:21.272,2018-08-17T04:39:11.355
choice-moving,Surfer7@bmm,4845,322,6390,6390,638,NULL,1060302,1060302,1060302,1060757,LIMIT,BUY,1,64,2018-08-17T04:38:24.269,2018-08-17T04:45:44.734
choice-moving,Surfer4@bmm,4842,322,6390,6390,641,NULL,1060303,1060303,1060303,NULL,LIMIT,SELL,1,32,2018-08-17T04:38:27.426,2018-08-17T04:38:27.428
choice-moving,Surfer4@bmm,4842,322,6390,6390,641,NULL,1060304,1060304,1060304,NULL,LIMIT,SELL,1,32,2018-08-17T04:38:27.597,2018-08-17T04:38:27.599
choice-moving,Surfer4@bmm,4842,322,6390,6390,641,NULL,1060305,1060305,1060305,NULL,LIMIT,SELL,1,32,2018-08-17T04:38:27.675,2018-08-17T04:38:27.677
choice-moving,Surfer4@bmm,4842,322,6390,6390,641,NULL,1060306,1060306,1060306,NULL,LIMIT,SELL,1,32,2018-08-17T04:38:27.690,2018-08-17T04:38:27.692
choice-moving,Surfer3@bmm,4841,322,6390,6390,638,NULL,1060307,1060307,1060307,1060694,LIMIT,BUY,1,78,2018-08-17T04:38:27.752,2018-08-17T04:44:02.130
choice-moving,Surfer10@bmm,4848,322,6390,6390,639,NULL,1060308,1060308,1060308,1060575,LIMIT,BUY,1,80,2018-08-17T04:38:36.192,2018-08-17T04:41:51.060
choice-moving,Surfer7@bmm,4845,322,6390,6390,640,NULL,1060309,1060309,1060309,1060595,LIMIT,SELL,1,20,2018-08-17T04:38:36.374,2018-08-17T04:42:06.266
choice-moving,Surfer15@bmm,4853,322,6390,6390,639,NULL,1060310,1060310,1060310,NULL,LIMIT,BUY,1,1,2018-08-17T04:38:36.651,2018-08-17T04:38:36.653
choice-moving,Surfer17@bmm,4855,322,6390,6390,640,NULL,1060311,1060311,1060311,1060411,LIMIT,SELL,1,72,2018-08-17T04:38:38.490,2018-08-17T04:40:11.235
choice-moving,Surfer17@bmm,4855,322,6390,6390,640,NULL,1060312,1060312,1060312,1060409,LIMIT,SELL,1,72,2018-08-17T04:38:38.599,2018-08-17T04:40:10.527
choice-moving,Surfer17@bmm,4855,322,6390,6390,640,NULL,1060313,1060313,1060313,1060406,LIMIT,SELL,1,72,2018-08-17T04:38:38.694,2018-08-17T04:40:09.960
choice-moving,Surfer17@bmm,4855,322,6390,6390,640,NULL,1060314,1060314,1060314,1060402,LIMIT,SELL,1,72,2018-08-17T04:38:38.735,2018-08-17T04:40:09.216
choice-moving,Surfer15@bmm,4853,322,6390,6390,639,NULL,1060315,1060315,1060315,1060642,LIMIT,BUY,1,91,2018-08-17T04:38:40.709,2018-08-17T04:42:58.395
choice-moving,Surfer10@bmm,4848,322,6390,6390,639,NULL,1060316,1060316,1060316,1060574,LIMIT,BUY,1,82,2018-08-17T04:38:41.436,2018-08-17T04:41:50.214
choice-moving,Surfer9@bmm,4847,322,6390,6390,639,NULL,1060317,1060317,1060317,NULL,LIMIT,BUY,1,1,2018-08-17T04:38:41.824,2018-08-17T04:38:41.827
choice-moving,Surfer8@bmm,4846,322,6390,6390,638,NULL,1060318,1060318,1060318,1060320,LIMIT,BUY,1,100,2018-08-17T04:38:44.262,2018-08-17T04:38:45.961
choice-moving,Surfer15@bmm,4853,322,6390,6390,639,NULL,1060319,1060319,1060319,1060416,LIMIT,BUY,1,99,2018-08-17T04:38:44.305,2018-08-17T04:40:16.201
choice-moving,Surfer17@bmm,4855,322,6390,6390,638,NULL,1060320,1060320,1060320,1060318,LIMIT,SELL,1,100,2018-08-17T04:38:45.953,2018-08-17T04:38:45.960
choice-moving,Surfer1@bmm,4839,322,6390,6390,640,NULL,1060321,1060321,1060321,1060613,LIMIT,SELL,1,66,2018-08-17T04:38:46.308,2018-08-17T04:42:19.034
choice-moving,Surfer4@bmm,4842,322,6390,6390,639,NULL,1060322,1060322,1060322,1060436,LIMIT,BUY,1,0,2018-08-17T04:38:47,2018-08-17T04:40:24.944
choice-moving,Surfer4@bmm,4842,322,6390,6390,639,NULL,1060323,1060323,1060323,1060434,LIMIT,BUY,1,0,2018-08-17T04:38:47.218,2018-08-17T04:40:24.607
choice-moving,Surfer4@bmm,4842,322,6390,6390,639,NULL,1060324,1060324,1060324,1060429,LIMIT,BUY,1,0,2018-08-17T04:38:47.417,2018-08-17T04:40:23.740
choice-moving,Surfer17@bmm,4855,322,6390,6390,638,NULL,1060325,1060325,1060325,1060365,LIMIT,SELL,1,100,2018-08-17T04:38:47.988,2018-08-17T04:39:17.361
choice-moving,Surfer4@bmm,4842,322,6390,6390,639,NULL,1060326,1060326,1060326,NULL,LIMIT,BUY,1,29,2018-08-17T04:38:50.153,2018-08-17T04:38:50.155
choice-moving,Surfer4@bmm,4842,322,6390,6390,639,NULL,1060327,1060327,1060327,NULL,LIMIT,BUY,1,29,2018-08-17T04:38:50.348,2018-08-17T04:38:50.350
choice-moving,Surfer4@bmm,4842,322,6390,6390,639,NULL,1060328,1060328,1060328,NULL,LIMIT,BUY,1,29,2018-08-17T04:38:50.577,2018-08-17T04:38:50.579
choice-moving,Surfer1@bmm,4839,322,6390,6390,640,NULL,1060329,1060329,1060329,1060510,LIMIT,SELL,1,78,2018-08-17T04:38:51.343,2018-08-17T04:41:19.589
choice-moving,Surfer15@bmm,4853,322,6390,6390,638,NULL,1060330,1060330,1060330,1060344,LIMIT,BUY,1,99,2018-08-17T04:38:51.519,2018-08-17T04:39:04.367
choice-moving,Surfer4@bmm,4842,322,6390,6390,639,NULL,1060331,1060331,1060331,NULL,LIMIT,BUY,1,29,2018-08-17T04:38:52.445,2018-08-17T04:38:52.447
choice-moving,Surfer13@bmm,4851,322,6390,6390,640,NULL,1060332,1060332,1060332,1060350,LIMIT,SELL,1,10,2018-08-17T04:38:52.951,2018-08-17T04:39:10.662
choice-moving,Surfer1@bmm,4839,322,6390,6390,640,NULL,1060333,1060333,1060333,1060509,LIMIT,SELL,1,78,2018-08-17T04:38:55.282,2018-08-17T04:41:19.102
choice-moving,Surfer1@bmm,4839,322,6390,6390,640,NULL,1060334,1060334,1060334,1060508,LIMIT,SELL,1,78,2018-08-17T04:38:57.394,2018-08-17T04:41:18.757
choice-moving,Surfer8@bmm,4846,322,6390,6390,639,NULL,1060335,1060335,1060335,1060408,LIMIT,BUY,1,100,2018-08-17T04:38:57.476,2018-08-17T04:40:10.414
choice-moving,Surfer17@bmm,4855,322,6390,6390,639,NULL,1060336,1060336,1060336,1060760,LIMIT,BUY,1,90,2018-08-17T04:38:58.353,2018-08-17T04:45:48.652
choice-moving,Surfer17@bmm,4855,322,6390,6390,639,NULL,1060337,1060337,1060337,1060759,LIMIT,BUY,1,90,2018-08-17T04:38:59.557,2018-08-17T04:45:47.661
choice-moving,Surfer13@bmm,4851,322,6390,6390,640,NULL,1060338,1060338,1060338,1060354,LIMIT,SELL,1,5,2018-08-17T04:38:59.925,2018-08-17T04:39:12.813
choice-moving,Surfer6@bmm,4844,322,6390,6390,641,NULL,1060339,1060339,1060339,1060763,LIMIT,SELL,1,9,2018-08-17T04:39:00.344,2018-08-17T04:45:51.359
choice-moving,Surfer13@bmm,4851,322,6390,6390,640,NULL,1060340,1060340,1060340,1060357,LIMIT,SELL,1,4,2018-08-17T04:39:03.343,2018-08-17T04:39:13.947
choice-moving,Surfer11@bmm,4849,322,6390,6390,640,NULL,1060341,1060341,1060341,0,LIMIT,SELL,4,1,2018-08-17T04:39:04.037,2018-08-17T04:39:09.173
choice-moving,Surfer6@bmm,4844,322,6390,6390,641,NULL,1060342,1060342,1060342,1060636,LIMIT,SELL,1,18,2018-08-17T04:39:04.324,2018-08-17T04:42:45.470
choice-moving,Surfer9@bmm,4847,322,6390,6390,638,NULL,1060343,1060343,1060343,0,LIMIT,SELL,1,75,2018-08-17T04:39:04.331,2018-08-17T04:39:04.366
choice-moving,Surfer9@bmm,4847,322,6390,6390,638,NULL,1060344,1060343,1060343,1060330,LIMIT,SELL,1,99,2018-08-17T04:39:04.338,2018-08-17T04:39:04.367
choice-moving,Surfer12@bmm,4850,322,6390,6390,639,NULL,1060345,1060345,1060345,NULL,LIMIT,BUY,1,90,2018-08-17T04:39:07.888,2018-08-17T04:39:07.892
choice-moving,Surfer15@bmm,4853,322,6390,6390,640,NULL,1060346,1060346,1060346,0,LIMIT,BUY,1,5,2018-08-17T04:39:09.157,2018-08-17T04:39:09.173
choice-moving,Surfer15@bmm,4853,322,6390,6390,640,NULL,1060347,1060346,1060346,1060348,LIMIT,BUY,1,1,2018-08-17T04:39:09.164,2018-08-17T04:39:09.174
choice-moving,Surfer11@bmm,4849,322,6390,6390,640,NULL,1060348,1060341,1060341,1060347,LIMIT,SELL,1,1,2018-08-17T04:39:09.167,2018-08-17T04:39:09.174
choice-moving,Surfer11@bmm,4849,322,6390,6390,640,NULL,1060349,1060341,1060341,0,LIMIT,SELL,3,1,2018-08-17T04:39:04.037,2018-08-17T04:39:15.319
choice-moving,Surfer13@bmm,4851,322,6390,6390,640,NULL,1060350,1060332,1060332,1060332,CANCEL,SELL,1,10,2018-08-17T04:39:10.657,2018-08-17T04:39:10.662
choice-moving,Surfer9@bmm,4847,322,6390,6390,638,NULL,1060351,1060351,1060351,0,LIMIT,SELL,1,75,2018-08-17T04:39:11.346,2018-08-17T04:39:11.355
choice-moving,Surfer9@bmm,4847,322,6390,6390,638,NULL,1060352,1060351,1060351,1060301,LIMIT,SELL,1,90,2018-08-17T04:39:11.351,2018-08-17T04:39:11.355
choice-moving,Surfer10@bmm,4848,322,6390,6390,638,NULL,1060353,1060295,1060295,1060295,CANCEL,BUY,1,68,2018-08-17T04:39:12.655,2018-08-17T04:39:12.660
choice-moving,Surfer13@bmm,4851,322,6390,6390,640,NULL,1060354,1060338,1060338,1060338,CANCEL,SELL,1,5,2018-08-17T04:39:12.807,2018-08-17T04:39:12.813
choice-moving,Surfer10@bmm,4848,322,6390,6390,638,NULL,1060355,1060298,1060298,1060298,CANCEL,BUY,1,80,2018-08-17T04:39:13.135,2018-08-17T04:39:13.139
choice-moving,Surfer5@bmm,4843,322,6390,6390,639,NULL,1060356,1060356,1060356,NULL,LIMIT,BUY,1,0,2018-08-17T04:39:13.911,2018-08-17T04:39:13.913
choice-moving,Surfer13@bmm,4851,322,6390,6390,640,NULL,1060357,1060340,1060340,1060340,CANCEL,SELL,1,4,2018-08-17T04:39:13.942,2018-08-17T04:39:13.947
choice-moving,Surfer12@bmm,4850,322,6390,6390,639,NULL,1060358,1060358,1060358,NULL,LIMIT,BUY,1,90,2018-08-17T04:39:14.491,2018-08-17T04:39:14.493
choice-moving,Surfer1@bmm,4839,322,6390,6390,639,NULL,1060359,1060359,1060359,NULL,LIMIT,BUY,1,44,2018-08-17T04:39:14.775,2018-08-17T04:39:14.777
choice-moving,Surfer6@bmm,4844,322,6390,6390,638,NULL,1060360,1060360,1060360,1060374,LIMIT,BUY,1,85,2018-08-17T04:39:15.268,2018-08-17T04:39:22.425
choice-moving,Surfer15@bmm,4853,322,6390,6390,640,NULL,1060361,1060361,1060361,0,LIMIT,BUY,1,5,2018-08-17T04:39:15.306,2018-08-17T04:39:15.318
choice-moving,Surfer15@bmm,4853,322,6390,6390,640,NULL,1060362,1060361,1060361,1060363,LIMIT,BUY,1,1,2018-08-17T04:39:15.311,2018-08-17T04:39:15.319
choice-moving,Surfer11@bmm,4849,322,6390,6390,640,NULL,1060363,1060341,1060349,1060362,LIMIT,SELL,1,1,2018-08-17T04:39:15.313,2018-08-17T04:39:15.319
choice-moving,Surfer11@bmm,4849,322,6390,6390,640,NULL,1060364,1060341,1060349,0,LIMIT,SELL,2,1,2018-08-17T04:39:04.037,2018-08-17T04:39:20.334
choice-moving,Surfer17@bmm,4855,322,6390,6390,638,NULL,1060365,1060325,1060325,1060325,CANCEL,SELL,1,100,2018-08-17T04:39:17.357,2018-08-17T04:39:17.361
choice-moving,Surfer13@bmm,4851,322,6390,6390,640,NULL,1060366,1060366,1060366,0,LIMIT,SELL,4,4,2018-08-17T04:39:18.994,2018-08-17T04:40:40.852
choice-moving,Surfer19@bmm,4857,322,6390,6390,640,NULL,1060367,1060367,1060367,1060531,LIMIT,SELL,1,7,2018-08-17T04:39:19.914,2018-08-17T04:41:28.282
choice-moving,Surfer15@bmm,4853,322,6390,6390,640,NULL,1060368,1060368,1060368,1060369,LIMIT,BUY,1,1,2018-08-17T04:39:20.324,2018-08-17T04:39:20.334
choice-moving,Surfer11@bmm,4849,322,6390,6390,640,NULL,1060369,1060341,1060364,1060368,LIMIT,SELL,1,1,2018-08-17T04:39:20.329,2018-08-17T04:39:20.334
choice-moving,Surfer11@bmm,4849,322,6390,6390,640,NULL,1060370,1060341,1060364,1060372,LIMIT,SELL,1,1,2018-08-17T04:39:04.037,2018-08-17T04:39:22.408
choice-moving,Surfer1@bmm,4839,322,6390,6390,639,NULL,1060371,1060371,1060371,NULL,LIMIT,BUY,1,56,2018-08-17T04:39:21.991,2018-08-17T04:39:21.993
choice-moving,Surfer15@bmm,4853,322,6390,6390,640,NULL,1060372,1060372,1060372,1060370,LIMIT,BUY,1,1,2018-08-17T04:39:22.403,2018-08-17T04:39:22.408
choice-moving,Surfer9@bmm,4847,322,6390,6390,638,NULL,1060373,1060373,1060373,0,LIMIT,SELL,1,75,2018-08-17T04:39:22.417,2018-08-17T04:39:22.425
choice-moving,Surfer9@bmm,4847,322,6390,6390,638,NULL,1060374,1060373,1060373,1060360,LIMIT,SELL,1,85,2018-08-17T04:39:22.422,2018-08-17T04:39:22.425
choice-moving,Surfer17@bmm,4855,322,6390,6390,638,NULL,1060375,1060375,1060375,0,LIMIT,SELL,1,81,2018-08-17T04:39:22.608,2018-08-17T04:39:22.615
choice-moving,Surfer17@bmm,4855,322,6390,6390,638,NULL,1060376,1060375,1060375,1060300,LIMIT,SELL,1,84,2018-08-17T04:39:22.612,2018-08-17T04:39:22.616
choice-moving,Surfer5@bmm,4843,322,6390,6390,640,NULL,1060377,1060377,1060377,1060385,LIMIT,SELL,1,0,2018-08-17T04:39:22.983,2018-08-17T04:39:27.288
choice-moving,Surfer14@bmm,4852,322,6390,6390,638,NULL,1060378,1060378,1060378,1060541,LIMIT,BUY,1,99,2018-08-17T04:39:23.418,2018-08-17T04:41:35.193
choice-moving,Surfer19@bmm,4857,322,6390,6390,640,NULL,1060379,1060379,1060379,1060534,LIMIT,SELL,1,7,2018-08-17T04:39:23.864,2018-08-17T04:41:30.669
choice-moving,Surfer18@bmm,4856,322,6390,6390,638,NULL,1060380,1060380,1060380,1060543,LIMIT,BUY,1,90,2018-08-17T04:39:23.882,2018-08-17T04:41:35.605
choice-moving,Surfer19@bmm,4857,322,6390,6390,640,NULL,1060381,1060381,1060381,1060545,LIMIT,SELL,1,7,2018-08-17T04:39:24.100,2018-08-17T04:41:35.762
choice-moving,Surfer19@bmm,4857,322,6390,6390,640,NULL,1060382,1060382,1060382,1060565,LIMIT,SELL,1,7,2018-08-17T04:39:24.403,2018-08-17T04:41:44.655
choice-moving,Surfer10@bmm,4848,322,6390,6390,638,NULL,1060383,1060383,1060383,1060442,LIMIT,BUY,1,90,2018-08-17T04:39:24.699,2018-08-17T04:40:29.201
choice-moving,Surfer6@bmm,4844,322,6390,6390,639,NULL,1060384,1060384,1060384,NULL,LIMIT,BUY,1,85,2018-08-17T04:39:27.252,2018-08-17T04:39:27.254
choice-moving,Surfer15@bmm,4853,322,6390,6390,640,NULL,1060385,1060385,1060385,1060377,LIMIT,BUY,1,0,2018-08-17T04:39:27.281,2018-08-17T04:39:27.288
choice-moving,Surfer5@bmm,4843,322,6390,6390,640,NULL,1060386,1060386,1060386,1060394,LIMIT,SELL,1,0,2018-08-17T04:39:35.758,2018-08-17T04:39:56.482
choice-moving,Surfer9@bmm,4847,322,6390,6390,640,NULL,1060387,1060387,1060387,1060619,LIMIT,SELL,1,90,2018-08-17T04:39:38.057,2018-08-17T04:42:23.757
choice-moving,Surfer10@bmm,4848,322,6390,6390,641,NULL,1060388,1060388,1060388,0,LIMIT,SELL,4,6,2018-08-17T04:39:38.676,2018-08-17T04:41:19.828
choice-moving,Surfer14@bmm,4852,322,6390,6390,639,NULL,1060389,1060389,1060389,1060423,LIMIT,BUY,1,95,2018-08-17T04:39:38.876,2018-08-17T04:40:20.734
choice-moving,Surfer14@bmm,4852,322,6390,6390,639,NULL,1060390,1060390,1060390,1060427,LIMIT,BUY,1,95,2018-08-17T04:39:41.206,2018-08-17T04:40:21.666
choice-moving,Surfer6@bmm,4844,322,6390,6390,638,NULL,1060391,1060391,1060391,NULL,LIMIT,BUY,1,85,2018-08-17T04:39:50.320,2018-08-17T04:39:50.322
choice-moving,Surfer9@bmm,4847,322,6390,6390,639,NULL,1060392,1060392,1060392,NULL,LIMIT,BUY,4,90,2018-08-17T04:39:52.179,2018-08-17T04:39:52.183
choice-moving,Surfer5@bmm,4843,322,6390,6390,640,NULL,1060393,1060393,1060393,1060396,LIMIT,SELL,1,0,2018-08-17T04:39:54.089,2018-08-17T04:40:01.253
choice-moving,Surfer15@bmm,4853,322,6390,6390,640,NULL,1060394,1060394,1060394,1060386,LIMIT,BUY,1,0,2018-08-17T04:39:56.477,2018-08-17T04:39:56.482
choice-moving,Surfer2@bmm,4840,322,6390,6390,638,NULL,1060395,1060395,1060395,NULL,LIMIT,BUY,1,20,2018-08-17T04:40:00.047,2018-08-17T04:40:00.049
choice-moving,Surfer15@bmm,4853,322,6390,6390,640,NULL,1060396,1060396,1060396,1060393,LIMIT,BUY,1,0,2018-08-17T04:40:01.246,2018-08-17T04:40:01.253
choice-moving,Surfer2@bmm,4840,322,6390,6390,638,NULL,1060397,1060397,1060397,NULL,LIMIT,BUY,1,20,2018-08-17T04:40:02.568,2018-08-17T04:40:02.570
choice-moving,Surfer9@bmm,4847,322,6390,6390,640,NULL,1060398,1060398,1060398,1060622,LIMIT,SELL,1,90,2018-08-17T04:40:05.146,2018-08-17T04:42:27.725
choice-moving,Surfer5@bmm,4843,322,6390,6390,638,NULL,1060399,1060399,1060399,NULL,LIMIT,BUY,1,0,2018-08-17T04:40:05.645,2018-08-17T04:40:05.647
choice-moving,Surfer2@bmm,4840,322,6390,6390,639,NULL,1060400,1060400,1060400,NULL,LIMIT,BUY,1,11,2018-08-17T04:40:06.918,2018-08-17T04:40:06.920
choice-moving,Surfer2@bmm,4840,322,6390,6390,639,NULL,1060401,1060401,1060401,NULL,LIMIT,BUY,1,11,2018-08-17T04:40:08.183,2018-08-17T04:40:08.186
choice-moving,Surfer17@bmm,4855,322,6390,6390,640,NULL,1060402,1060314,1060314,1060314,CANCEL,SELL,1,72,2018-08-17T04:40:09.211,2018-08-17T04:40:09.215
choice-moving,Surfer5@bmm,4843,322,6390,6390,639,NULL,1060403,1060403,1060403,NULL,LIMIT,BUY,1,0,2018-08-17T04:40:09.239,2018-08-17T04:40:09.241
choice-moving,Surfer17@bmm,4855,322,6390,6390,640,NULL,1060404,1060314,1060314,1060404,CANCEL,SELL,1,72,2018-08-17T04:40:09.466,2018-08-17T04:40:09.471
choice-moving,Surfer4@bmm,4842,322,6390,6390,638,NULL,1060405,1060405,1060405,1060563,LIMIT,BUY,1,98,2018-08-17T04:40:09.877,2018-08-17T04:41:44.007
choice-moving,Surfer17@bmm,4855,322,6390,6390,640,NULL,1060406,1060313,1060313,1060313,CANCEL,SELL,1,72,2018-08-17T04:40:09.955,2018-08-17T04:40:09.960
choice-moving,Surfer2@bmm,4840,322,6390,6390,639,NULL,1060407,1060407,1060407,0,LIMIT,SELL,1,11,2018-08-17T04:40:10.405,2018-08-17T04:40:10.414
choice-moving,Surfer2@bmm,4840,322,6390,6390,639,NULL,1060408,1060407,1060407,1060335,LIMIT,SELL,1,100,2018-08-17T04:40:10.411,2018-08-17T04:40:10.414
choice-moving,Surfer17@bmm,4855,322,6390,6390,640,NULL,1060409,1060312,1060312,1060312,CANCEL,SELL,1,72,2018-08-17T04:40:10.522,2018-08-17T04:40:10.527
choice-moving,Surfer4@bmm,4842,322,6390,6390,638,NULL,1060410,1060410,1060410,NULL,LIMIT,BUY,1,98,2018-08-17T04:40:11.020,2018-08-17T04:40:11.022
choice-moving,Surfer17@bmm,4855,322,6390,6390,640,NULL,1060411,1060311,1060311,1060311,CANCEL,SELL,1,72,2018-08-17T04:40:11.230,2018-08-17T04:40:11.235
choice-moving,Surfer4@bmm,4842,322,6390,6390,638,NULL,1060412,1060412,1060412,NULL,LIMIT,BUY,1,98,2018-08-17T04:40:11.436,2018-08-17T04:40:11.438
choice-moving,Surfer4@bmm,4842,322,6390,6390,638,NULL,1060413,1060413,1060413,NULL,LIMIT,BUY,1,98,2018-08-17T04:40:11.915,2018-08-17T04:40:11.919
choice-moving,Surfer2@bmm,4840,322,6390,6390,639,NULL,1060414,1060414,1060414,NULL,LIMIT,BUY,1,47,2018-08-17T04:40:13.959,2018-08-17T04:40:13.961
choice-moving,Surfer2@bmm,4840,322,6390,6390,639,NULL,1060415,1060415,1060415,0,LIMIT,SELL,1,47,2018-08-17T04:40:16.191,2018-08-17T04:40:16.201
choice-moving,Surfer2@bmm,4840,322,6390,6390,639,NULL,1060416,1060415,1060415,1060319,LIMIT,SELL,1,99,2018-08-17T04:40:16.197,2018-08-17T04:40:16.202
choice-moving,Surfer8@bmm,4846,322,6390,6390,638,NULL,1060417,1060417,1060417,1060482,LIMIT,BUY,1,100,2018-08-17T04:40:17.187,2018-08-17T04:40:57.845
choice-moving,Surfer2@bmm,4840,322,6390,6390,639,NULL,1060418,1060418,1060418,NULL,LIMIT,BUY,1,47,2018-08-17T04:40:18.246,2018-08-17T04:40:18.248
choice-moving,Surfer2@bmm,4840,322,6390,6390,639,NULL,1060419,1060419,1060419,NULL,LIMIT,BUY,1,47,2018-08-17T04:40:18.796,2018-08-17T04:40:18.798
choice-moving,Surfer12@bmm,4850,322,6390,6390,641,NULL,1060420,1060420,1060420,1060490,LIMIT,SELL,1,2,2018-08-17T04:40:19.722,2018-08-17T04:41:07.331
choice-moving,Surfer12@bmm,4850,322,6390,6390,641,NULL,1060421,1060421,1060421,1060492,LIMIT,SELL,1,2,2018-08-17T04:40:20.482,2018-08-17T04:41:09.079
choice-moving,Surfer2@bmm,4840,322,6390,6390,639,NULL,1060422,1060422,1060422,0,LIMIT,SELL,1,47,2018-08-17T04:40:20.726,2018-08-17T04:40:20.734
choice-moving,Surfer2@bmm,4840,322,6390,6390,639,NULL,1060423,1060422,1060422,1060389,LIMIT,SELL,1,95,2018-08-17T04:40:20.731,2018-08-17T04:40:20.734
choice-moving,Surfer12@bmm,4850,322,6390,6390,641,NULL,1060424,1060424,1060424,1060499,LIMIT,SELL,1,2,2018-08-17T04:40:21.111,2018-08-17T04:41:10.207
choice-moving,Surfer15@bmm,4853,322,6390,6390,639,NULL,1060425,1060425,1060425,1060439,LIMIT,SELL,1,99,2018-08-17T04:40:21.427,2018-08-17T04:40:25.499
choice-moving,Surfer2@bmm,4840,322,6390,6390,639,NULL,1060426,1060426,1060426,0,LIMIT,SELL,1,47,2018-08-17T04:40:21.658,2018-08-17T04:40:21.666
choice-moving,Surfer2@bmm,4840,322,6390,6390,639,NULL,1060427,1060426,1060426,1060390,LIMIT,SELL,1,95,2018-08-17T04:40:21.663,2018-08-17T04:40:21.666
choice-moving,Surfer12@bmm,4850,322,6390,6390,641,NULL,1060428,1060428,1060428,1060506,LIMIT,SELL,1,2,2018-08-17T04:40:22.129,2018-08-17T04:41:16.874
choice-moving,Surfer4@bmm,4842,322,6390,6390,639,NULL,1060429,1060324,1060324,1060324,CANCEL,BUY,1,0,2018-08-17T04:40:23.736,2018-08-17T04:40:23.740
choice-moving,Surfer2@bmm,4840,322,6390,6390,639,NULL,1060430,1060430,1060430,NULL,LIMIT,BUY,1,47,2018-08-17T04:40:23.862,2018-08-17T04:40:23.865
choice-moving,Surfer4@bmm,4842,322,6390,6390,639,NULL,1060431,1060324,1060324,1060431,CANCEL,BUY,1,0,2018-08-17T04:40:23.918,2018-08-17T04:40:23.924
choice-moving,Surfer4@bmm,4842,322,6390,6390,639,NULL,1060432,1060324,1060324,1060432,CANCEL,BUY,1,0,2018-08-17T04:40:23.928,2018-08-17T04:40:23.933
choice-moving,Surfer4@bmm,4842,322,6390,6390,639,NULL,1060433,1060324,1060324,1060433,CANCEL,BUY,1,0,2018-08-17T04:40:24.083,2018-08-17T04:40:24.088
choice-moving,Surfer4@bmm,4842,322,6390,6390,639,NULL,1060434,1060323,1060323,1060323,CANCEL,BUY,1,0,2018-08-17T04:40:24.602,2018-08-17T04:40:24.607
choice-moving,Surfer4@bmm,4842,322,6390,6390,639,NULL,1060435,1060323,1060323,1060435,CANCEL,BUY,1,0,2018-08-17T04:40:24.778,2018-08-17T04:40:24.783
choice-moving,Surfer4@bmm,4842,322,6390,6390,639,NULL,1060436,1060322,1060322,1060322,CANCEL,BUY,1,0,2018-08-17T04:40:24.938,2018-08-17T04:40:24.944
choice-moving,Surfer4@bmm,4842,322,6390,6390,639,NULL,1060437,1060322,1060322,1060437,CANCEL,BUY,1,0,2018-08-17T04:40:25.114,2018-08-17T04:40:25.119
choice-moving,Surfer5@bmm,4843,322,6390,6390,638,NULL,1060438,1060438,1060438,NULL,LIMIT,BUY,1,0,2018-08-17T04:40:25.164,2018-08-17T04:40:25.166
choice-moving,Surfer15@bmm,4853,322,6390,6390,639,NULL,1060439,1060425,1060425,1060425,CANCEL,SELL,1,99,2018-08-17T04:40:25.494,2018-08-17T04:40:25.498
choice-moving,Surfer2@bmm,4840,322,6390,6390,639,NULL,1060440,1060440,1060440,NULL,LIMIT,BUY,1,47,2018-08-17T04:40:25.830,2018-08-17T04:40:25.833
choice-moving,Surfer2@bmm,4840,322,6390,6390,639,NULL,1060441,1060441,1060441,NULL,LIMIT,BUY,1,47,2018-08-17T04:40:27.057,2018-08-17T04:40:27.059
choice-moving,Surfer10@bmm,4848,322,6390,6390,638,NULL,1060442,1060383,1060383,1060383,CANCEL,BUY,1,90,2018-08-17T04:40:29.196,2018-08-17T04:40:29.201
choice-moving,Surfer15@bmm,4853,322,6390,6390,639,NULL,1060443,1060443,1060443,1060716,LIMIT,BUY,1,99,2018-08-17T04:40:29.842,2018-08-17T04:44:34.764
choice-moving,Surfer9@bmm,4847,322,6390,6390,639,NULL,1060444,1060444,1060444,NULL,LIMIT,BUY,1,80,2018-08-17T04:40:32.833,2018-08-17T04:40:32.835
choice-moving,Surfer18@bmm,4856,322,6390,6390,640,NULL,1060445,1060445,1060445,1060483,LIMIT,BUY,1,0,2018-08-17T04:40:34.740,2018-08-17T04:40:58.062
choice-moving,Surfer4@bmm,4842,322,6390,6390,639,NULL,1060446,1060446,1060446,NULL,LIMIT,BUY,1,83,2018-08-17T04:40:35.262,2018-08-17T04:40:35.265
choice-moving,Surfer10@bmm,4848,322,6390,6390,638,NULL,1060447,1060447,1060447,1060555,LIMIT,BUY,1,99,2018-08-17T04:40:36.106,2018-08-17T04:41:40.625
choice-moving,Surfer4@bmm,4842,322,6390,6390,639,NULL,1060448,1060448,1060448,1060641,LIMIT,BUY,1,83,2018-08-17T04:40:36.136,2018-08-17T04:42:58.160
choice-moving,Surfer4@bmm,4842,322,6390,6390,639,NULL,1060449,1060449,1060449,1060640,LIMIT,BUY,1,83,2018-08-17T04:40:36.465,2018-08-17T04:42:57.147
choice-moving,Surfer15@bmm,4853,322,6390,6390,638,NULL,1060450,1060450,1060450,1060559,LIMIT,BUY,1,99,2018-08-17T04:40:37.168,2018-08-17T04:41:41.933
choice-moving,Surfer2@bmm,4840,322,6390,6390,640,NULL,1060451,1060451,1060451,0,LIMIT,BUY,1,11,2018-08-17T04:40:40.840,2018-08-17T04:40:40.852
choice-moving,Surfer2@bmm,4840,322,6390,6390,640,NULL,1060452,1060451,1060451,1060453,LIMIT,BUY,1,4,2018-08-17T04:40:40.844,2018-08-17T04:40:40.852
choice-moving,Surfer13@bmm,4851,322,6390,6390,640,NULL,1060453,1060366,1060366,1060452,LIMIT,SELL,1,4,2018-08-17T04:40:40.846,2018-08-17T04:40:40.852
choice-moving,Surfer13@bmm,4851,322,6390,6390,640,NULL,1060454,1060366,1060366,0,LIMIT,SELL,3,4,2018-08-17T04:39:18.994,2018-08-17T04:40:43.741
choice-moving,Surfer9@bmm,4847,322,6390,6390,639,NULL,1060455,1060455,1060455,NULL,LIMIT,BUY,1,56,2018-08-17T04:40:42.256,2018-08-17T04:40:42.258
choice-moving,Surfer1@bmm,4839,322,6390,6390,638,NULL,1060456,1060456,1060456,NULL,LIMIT,BUY,1,63,2018-08-17T04:40:42.856,2018-08-17T04:40:42.858
choice-moving,Surfer2@bmm,4840,322,6390,6390,640,NULL,1060457,1060457,1060457,1060572,LIMIT,SELL,1,11,2018-08-17T04:40:43.160,2018-08-17T04:41:47.255
choice-moving,Surfer8@bmm,4846,322,6390,6390,640,NULL,1060458,1060458,1060458,0,LIMIT,BUY,1,90,2018-08-17T04:40:43.728,2018-08-17T04:40:43.740
choice-moving,Surfer8@bmm,4846,322,6390,6390,640,NULL,1060459,1060458,1060458,1060460,LIMIT,BUY,1,4,2018-08-17T04:40:43.733,2018-08-17T04:40:43.741
choice-moving,Surfer13@bmm,4851,322,6390,6390,640,NULL,1060460,1060366,1060454,1060459,LIMIT,SELL,1,4,2018-08-17T04:40:43.735,2018-08-17T04:40:43.741
choice-moving,Surfer13@bmm,4851,322,6390,6390,640,NULL,1060461,1060366,1060454,0,LIMIT,SELL,2,4,2018-08-17T04:39:18.994,2018-08-17T04:40:47.060
choice-moving,Surfer10@bmm,4848,322,6390,6390,639,NULL,1060462,1060462,1060462,1060557,LIMIT,BUY,1,93,2018-08-17T04:40:43.857,2018-08-17T04:41:41.221
choice-moving,Surfer1@bmm,4839,322,6390,6390,638,NULL,1060463,1060463,1060463,NULL,LIMIT,BUY,1,63,2018-08-17T04:40:46.396,2018-08-17T04:40:46.398
choice-moving,Surfer7@bmm,4845,322,6390,6390,639,NULL,1060464,1060464,1060464,1060714,LIMIT,BUY,1,60,2018-08-17T04:40:46.638,2018-08-17T04:44:27.970
choice-moving,Surfer2@bmm,4840,322,6390,6390,640,NULL,1060465,1060465,1060465,0,LIMIT,BUY,1,11,2018-08-17T04:40:47.045,2018-08-17T04:40:47.060
choice-moving,Surfer2@bmm,4840,322,6390,6390,640,NULL,1060466,1060465,1060465,1060467,LIMIT,BUY,1,4,2018-08-17T04:40:47.050,2018-08-17T04:40:47.060
choice-moving,Surfer13@bmm,4851,322,6390,6390,640,NULL,1060467,1060366,1060461,1060466,LIMIT,SELL,1,4,2018-08-17T04:40:47.052,2018-08-17T04:40:47.060
choice-moving,Surfer13@bmm,4851,322,6390,6390,640,NULL,1060468,1060366,1060461,1060525,LIMIT,SELL,1,4,2018-08-17T04:39:18.994,2018-08-17T04:41:21.998
choice-moving,Surfer4@bmm,4842,322,6390,6390,639,NULL,1060469,1060469,1060469,NULL,LIMIT,BUY,1,0,2018-08-17T04:40:51.234,2018-08-17T04:40:51.236
choice-moving,Surfer4@bmm,4842,322,6390,6390,639,NULL,1060470,1060470,1060470,NULL,LIMIT,BUY,1,0,2018-08-17T04:40:51.420,2018-08-17T04:40:51.422
choice-moving,Surfer4@bmm,4842,322,6390,6390,639,NULL,1060471,1060471,1060471,NULL,LIMIT,BUY,1,0,2018-08-17T04:40:51.633,2018-08-17T04:40:51.635
choice-moving,Surfer4@bmm,4842,322,6390,6390,639,NULL,1060472,1060472,1060472,NULL,LIMIT,BUY,1,0,2018-08-17T04:40:51.809,2018-08-17T04:40:51.812
choice-moving,Surfer4@bmm,4842,322,6390,6390,639,NULL,1060473,1060473,1060473,NULL,LIMIT,BUY,1,0,2018-08-17T04:40:51.993,2018-08-17T04:40:51.995
choice-moving,Surfer4@bmm,4842,322,6390,6390,639,NULL,1060474,1060474,1060474,NULL,LIMIT,BUY,1,0,2018-08-17T04:40:52.202,2018-08-17T04:40:52.204
choice-moving,Surfer4@bmm,4842,322,6390,6390,639,NULL,1060475,1060475,1060475,NULL,LIMIT,BUY,1,0,2018-08-17T04:40:52.384,2018-08-17T04:40:52.386
choice-moving,Surfer4@bmm,4842,322,6390,6390,639,NULL,1060476,1060476,1060476,NULL,LIMIT,BUY,1,0,2018-08-17T04:40:52.559,2018-08-17T04:40:52.561
choice-moving,Surfer4@bmm,4842,322,6390,6390,639,NULL,1060477,1060477,1060477,NULL,LIMIT,BUY,1,0,2018-08-17T04:40:52.757,2018-08-17T04:40:52.759
choice-moving,Surfer4@bmm,4842,322,6390,6390,639,NULL,1060478,1060478,1060478,NULL,LIMIT,BUY,1,0,2018-08-17T04:40:52.956,2018-08-17T04:40:52.958
choice-moving,Surfer4@bmm,4842,322,6390,6390,639,NULL,1060479,1060479,1060479,NULL,LIMIT,BUY,1,0,2018-08-17T04:40:53.167,2018-08-17T04:40:53.170
choice-moving,Surfer4@bmm,4842,322,6390,6390,639,NULL,1060480,1060480,1060480,NULL,LIMIT,BUY,1,0,2018-08-17T04:40:53.422,2018-08-17T04:40:53.424
choice-moving,Surfer9@bmm,4847,322,6390,6390,638,NULL,1060481,1060481,1060481,0,LIMIT,SELL,1,90,2018-08-17T04:40:57.837,2018-08-17T04:40:57.845
choice-moving,Surfer9@bmm,4847,322,6390,6390,638,NULL,1060482,1060481,1060481,1060417,LIMIT,SELL,1,100,2018-08-17T04:40:57.842,2018-08-17T04:40:57.846
choice-moving,Surfer5@bmm,4843,322,6390,6390,640,NULL,1060483,1060483,1060483,1060445,LIMIT,SELL,1,0,2018-08-17T04:40:58.056,2018-08-17T04:40:58.061
choice-moving,Surfer2@bmm,4840,322,6390,6390,641,NULL,1060484,1060484,1060484,NULL,LIMIT,SELL,1,6,2018-08-17T04:40:58.382,2018-08-17T04:40:58.384
choice-moving,Surfer2@bmm,4840,322,6390,6390,641,NULL,1060485,1060485,1060485,NULL,LIMIT,SELL,1,6,2018-08-17T04:41:00.313,2018-08-17T04:41:00.315
choice-moving,Surfer2@bmm,4840,322,6390,6390,641,NULL,1060486,1060486,1060486,NULL,LIMIT,SELL,1,6,2018-08-17T04:41:01.693,2018-08-17T04:41:01.695
choice-moving,Surfer2@bmm,4840,322,6390,6390,641,NULL,1060487,1060487,1060487,NULL,LIMIT,SELL,1,6,2018-08-17T04:41:03.134,2018-08-17T04:41:03.136
choice-moving,Surfer4@bmm,4842,322,6390,6390,638,NULL,1060488,1060488,1060488,NULL,LIMIT,BUY,2,0,2018-08-17T04:41:06.289,2018-08-17T04:41:06.291
choice-moving,Surfer2@bmm,4840,322,6390,6390,641,NULL,1060489,1060489,1060489,0,LIMIT,BUY,1,6,2018-08-17T04:41:07.320,2018-08-17T04:41:07.330
choice-moving,Surfer2@bmm,4840,322,6390,6390,641,NULL,1060490,1060489,1060489,1060420,LIMIT,BUY,1,2,2018-08-17T04:41:07.326,2018-08-17T04:41:07.331
choice-moving,Surfer2@bmm,4840,322,6390,6390,641,NULL,1060491,1060491,1060491,0,LIMIT,BUY,1,6,2018-08-17T04:41:09.070,2018-08-17T04:41:09.079
choice-moving,Surfer2@bmm,4840,322,6390,6390,641,NULL,1060492,1060491,1060491,1060421,LIMIT,BUY,1,2,2018-08-17T04:41:09.075,2018-08-17T04:41:09.079
choice-moving,Surfer5@bmm,4843,322,6390,6390,638,NULL,1060493,1060493,1060493,NULL,LIMIT,BUY,1,0,2018-08-17T04:41:09.178,2018-08-17T04:41:09.180
choice-moving,Surfer4@bmm,4842,322,6390,6390,638,NULL,1060494,1060494,1060494,NULL,LIMIT,BUY,2,0,2018-08-17T04:41:09.527,2018-08-17T04:41:09.529
choice-moving,Surfer4@bmm,4842,322,6390,6390,638,NULL,1060495,1060495,1060495,NULL,LIMIT,BUY,2,0,2018-08-17T04:41:09.676,2018-08-17T04:41:09.679
choice-moving,Surfer4@bmm,4842,322,6390,6390,638,NULL,1060496,1060496,1060496,NULL,LIMIT,BUY,2,0,2018-08-17T04:41:09.898,2018-08-17T04:41:09.901
choice-moving,Surfer4@bmm,4842,322,6390,6390,638,NULL,1060497,1060497,1060497,NULL,LIMIT,BUY,2,0,2018-08-17T04:41:10.062,2018-08-17T04:41:10.064
choice-moving,Surfer2@bmm,4840,322,6390,6390,641,NULL,1060498,1060498,1060498,0,LIMIT,BUY,1,6,2018-08-17T04:41:10.198,2018-08-17T04:41:10.206
choice-moving,Surfer2@bmm,4840,322,6390,6390,641,NULL,1060499,1060498,1060498,1060424,LIMIT,BUY,1,2,2018-08-17T04:41:10.203,2018-08-17T04:41:10.207
choice-moving,Surfer4@bmm,4842,322,6390,6390,638,NULL,1060500,1060500,1060500,NULL,LIMIT,BUY,2,0,2018-08-17T04:41:10.238,2018-08-17T04:41:10.240
choice-moving,Surfer8@bmm,4846,322,6390,6390,639,NULL,1060501,1060501,1060501,1060662,LIMIT,BUY,1,100,2018-08-17T04:41:10.529,2018-08-17T04:43:30.531
choice-moving,Surfer7@bmm,4845,322,6390,6390,640,NULL,1060502,1060502,1060502,1060585,LIMIT,SELL,1,16,2018-08-17T04:41:10.952,2018-08-17T04:41:58.125
choice-moving,Surfer2@bmm,4840,322,6390,6390,641,NULL,1060503,1060503,1060503,NULL,LIMIT,SELL,1,6,2018-08-17T04:41:12.591,2018-08-17T04:41:12.596
choice-moving,Surfer9@bmm,4847,322,6390,6390,638,NULL,1060504,1060504,1060504,NULL,LIMIT,BUY,1,57,2018-08-17T04:41:13.828,2018-08-17T04:41:13.830
choice-moving,Surfer2@bmm,4840,322,6390,6390,641,NULL,1060505,1060505,1060505,NULL,LIMIT,SELL,1,6,2018-08-17T04:41:14.341,2018-08-17T04:41:14.343
choice-moving,Surfer17@bmm,4855,322,6390,6390,641,NULL,1060506,1060506,1060506,1060428,LIMIT,BUY,1,2,2018-08-17T04:41:16.868,2018-08-17T04:41:16.873
choice-moving,Surfer8@bmm,4846,322,6390,6390,640,NULL,1060507,1060507,1060507,1060624,LIMIT,SELL,1,90,2018-08-17T04:41:18.606,2018-08-17T04:42:30.690
choice-moving,Surfer1@bmm,4839,322,6390,6390,640,NULL,1060508,1060334,1060334,1060334,CANCEL,SELL,1,78,2018-08-17T04:41:18.752,2018-08-17T04:41:18.757
choice-moving,Surfer1@bmm,4839,322,6390,6390,640,NULL,1060509,1060333,1060333,1060333,CANCEL,SELL,1,78,2018-08-17T04:41:19.097,2018-08-17T04:41:19.102
choice-moving,Surfer1@bmm,4839,322,6390,6390,640,NULL,1060510,1060329,1060329,1060329,CANCEL,SELL,1,78,2018-08-17T04:41:19.581,2018-08-17T04:41:19.589
choice-moving,Surfer2@bmm,4840,322,6390,6390,638,NULL,1060511,1060511,1060511,NULL,LIMIT,BUY,1,7,2018-08-17T04:41:19.703,2018-08-17T04:41:19.705
choice-moving,Surfer17@bmm,4855,322,6390,6390,641,NULL,1060512,1060512,1060512,1060513,LIMIT,BUY,1,6,2018-08-17T04:41:19.814,2018-08-17T04:41:19.827
choice-moving,Surfer10@bmm,4848,322,6390,6390,641,NULL,1060513,1060388,1060388,1060512,LIMIT,SELL,1,6,2018-08-17T04:41:19.820,2018-08-17T04:41:19.828
choice-moving,Surfer10@bmm,4848,322,6390,6390,641,NULL,1060514,1060388,1060388,0,LIMIT,SELL,3,6,2018-08-17T04:39:38.676,2018-08-17T04:41:20.658
choice-moving,Surfer1@bmm,4839,322,6390,6390,640,NULL,1060515,1060329,1060329,1060515,CANCEL,SELL,1,78,2018-08-17T04:41:19.840,2018-08-17T04:41:19.847
choice-moving,Surfer17@bmm,4855,322,6390,6390,641,NULL,1060516,1060516,1060516,1060517,LIMIT,BUY,1,6,2018-08-17T04:41:20.647,2018-08-17T04:41:20.658
choice-moving,Surfer10@bmm,4848,322,6390,6390,641,NULL,1060517,1060388,1060514,1060516,LIMIT,SELL,1,6,2018-08-17T04:41:20.653,2018-08-17T04:41:20.658
choice-moving,Surfer10@bmm,4848,322,6390,6390,641,NULL,1060518,1060388,1060514,0,LIMIT,SELL,2,6,2018-08-17T04:39:38.676,2018-08-17T04:41:21.431
choice-moving,Surfer1@bmm,4839,322,6390,6390,640,NULL,1060519,1060519,1060519,1060600,LIMIT,SELL,1,22,2018-08-17T04:41:20.892,2018-08-17T04:42:09.542
choice-moving,Surfer7@bmm,4845,322,6390,6390,640,NULL,1060520,1060520,1060520,1060532,LIMIT,SELL,1,12,2018-08-17T04:41:20.954,2018-08-17T04:41:29.095
choice-moving,Surfer17@bmm,4855,322,6390,6390,641,NULL,1060521,1060521,1060521,1060522,LIMIT,BUY,1,6,2018-08-17T04:41:21.420,2018-08-17T04:41:21.431
choice-moving,Surfer10@bmm,4848,322,6390,6390,641,NULL,1060522,1060388,1060518,1060521,LIMIT,SELL,1,6,2018-08-17T04:41:21.426,2018-08-17T04:41:21.431
choice-moving,Surfer10@bmm,4848,322,6390,6390,641,NULL,1060523,1060388,1060518,1060526,LIMIT,SELL,1,6,2018-08-17T04:39:38.676,2018-08-17T04:41:22.220
choice-moving,Surfer14@bmm,4852,322,6390,6390,640,NULL,1060524,1060524,1060524,0,LIMIT,BUY,1,96,2018-08-17T04:41:21.989,2018-08-17T04:41:21.997
choice-moving,Surfer14@bmm,4852,322,6390,6390,640,NULL,1060525,1060524,1060524,1060468,LIMIT,BUY,1,4,2018-08-17T04:41:21.994,2018-08-17T04:41:21.998
choice-moving,Surfer17@bmm,4855,322,6390,6390,641,NULL,1060526,1060526,1060526,1060523,LIMIT,BUY,1,6,2018-08-17T04:41:22.214,2018-08-17T04:41:22.219
choice-moving,Surfer18@bmm,4856,322,6390,6390,640,NULL,1060527,1060527,1060527,NULL,LIMIT,BUY,1,0,2018-08-17T04:41:23.669,2018-08-17T04:41:23.672
choice-moving,Surfer1@bmm,4839,322,6390,6390,640,NULL,1060528,1060528,1060528,1060604,LIMIT,SELL,1,22,2018-08-17T04:41:26.408,2018-08-17T04:42:12.175
choice-moving,Surfer4@bmm,4842,322,6390,6390,640,NULL,1060529,1060529,1060529,NULL,LIMIT,BUY,1,0,2018-08-17T04:41:27.438,2018-08-17T04:41:27.440
choice-moving,Surfer14@bmm,4852,322,6390,6390,640,NULL,1060530,1060530,1060530,0,LIMIT,BUY,1,96,2018-08-17T04:41:28.271,2018-08-17T04:41:28.282
choice-moving,Surfer14@bmm,4852,322,6390,6390,640,NULL,1060531,1060530,1060530,1060367,LIMIT,BUY,1,7,2018-08-17T04:41:28.279,2018-08-17T04:41:28.282
choice-moving,Surfer7@bmm,4845,322,6390,6390,640,NULL,1060532,1060520,1060520,1060520,CANCEL,SELL,1,12,2018-08-17T04:41:29.091,2018-08-17T04:41:29.095
choice-moving,Surfer14@bmm,4852,322,6390,6390,640,NULL,1060533,1060533,1060533,0,LIMIT,BUY,1,96,2018-08-17T04:41:30.659,2018-08-17T04:41:30.668
choice-moving,Surfer14@bmm,4852,322,6390,6390,640,NULL,1060534,1060533,1060533,1060379,LIMIT,BUY,1,7,2018-08-17T04:41:30.665,2018-08-17T04:41:30.669
choice-moving,Surfer1@bmm,4839,322,6390,6390,640,NULL,1060535,1060535,1060535,1060607,LIMIT,SELL,1,22,2018-08-17T04:41:31.411,2018-08-17T04:42:12.920
choice-moving,Surfer2@bmm,4840,322,6390,6390,639,NULL,1060536,1060536,1060536,NULL,LIMIT,BUY,1,6,2018-08-17T04:41:34.216,2018-08-17T04:41:34.218
choice-moving,Surfer4@bmm,4842,322,6390,6390,640,NULL,1060537,1060537,1060537,NULL,LIMIT,BUY,1,0,2018-08-17T04:41:34.364,2018-08-17T04:41:34.366
choice-moving,Surfer4@bmm,4842,322,6390,6390,640,NULL,1060538,1060538,1060538,NULL,LIMIT,BUY,1,0,2018-08-17T04:41:34.566,2018-08-17T04:41:34.568
choice-moving,Surfer4@bmm,4842,322,6390,6390,640,NULL,1060539,1060539,1060539,NULL,LIMIT,BUY,1,0,2018-08-17T04:41:34.766,2018-08-17T04:41:34.769
choice-moving,Surfer5@bmm,4843,322,6390,6390,638,NULL,1060540,1060540,1060540,0,LIMIT,SELL,1,0,2018-08-17T04:41:35.184,2018-08-17T04:41:35.193
choice-moving,Surfer5@bmm,4843,322,6390,6390,638,NULL,1060541,1060540,1060540,1060378,LIMIT,SELL,1,99,2018-08-17T04:41:35.190,2018-08-17T04:41:35.193
choice-moving,Surfer2@bmm,4840,322,6390,6390,639,NULL,1060542,1060542,1060542,NULL,LIMIT,BUY,1,6,2018-08-17T04:41:35.522,2018-08-17T04:41:35.525
choice-moving,Surfer18@bmm,4856,322,6390,6390,638,NULL,1060543,1060380,1060380,1060380,CANCEL,BUY,1,90,2018-08-17T04:41:35.600,2018-08-17T04:41:35.605
choice-moving,Surfer14@bmm,4852,322,6390,6390,640,NULL,1060544,1060544,1060544,0,LIMIT,BUY,1,89,2018-08-17T04:41:35.753,2018-08-17T04:41:35.762
choice-moving,Surfer14@bmm,4852,322,6390,6390,640,NULL,1060545,1060544,1060544,1060381,LIMIT,BUY,1,7,2018-08-17T04:41:35.759,2018-08-17T04:41:35.762
choice-moving,Surfer9@bmm,4847,322,6390,6390,639,NULL,1060546,1060546,1060546,NULL,LIMIT,BUY,1,44,2018-08-17T04:41:38.751,2018-08-17T04:41:38.754
choice-moving,Surfer13@bmm,4851,322,6390,6390,640,NULL,1060547,1060547,1060547,1060578,LIMIT,BUY,5,1,2018-08-17T04:41:39.265,2018-08-17T04:41:55.345
choice-moving,Surfer4@bmm,4842,322,6390,6390,641,NULL,1060548,1060548,1060548,1060639,LIMIT,BUY,1,0,2018-08-17T04:41:39.903,2018-08-17T04:42:49.574
choice-moving,Surfer4@bmm,4842,322,6390,6390,641,NULL,1060549,1060549,1060549,1060652,LIMIT,BUY,1,0,2018-08-17T04:41:39.914,2018-08-17T04:43:19.777
choice-moving,Surfer17@bmm,4855,322,6390,6390,640,NULL,1060550,1060550,1060550,1060560,LIMIT,SELL,1,39,2018-08-17T04:41:40.063,2018-08-17T04:41:42.293
choice-moving,Surfer4@bmm,4842,322,6390,6390,641,NULL,1060551,1060551,1060551,1060654,LIMIT,BUY,1,0,2018-08-17T04:41:40.092,2018-08-17T04:43:20.579
choice-moving,Surfer4@bmm,4842,322,6390,6390,641,NULL,1060552,1060552,1060552,1060751,LIMIT,BUY,1,0,2018-08-17T04:41:40.323,2018-08-17T04:45:36.176
choice-moving,Surfer4@bmm,4842,322,6390,6390,641,NULL,1060553,1060553,1060553,1060764,LIMIT,BUY,1,0,2018-08-17T04:41:40.487,2018-08-17T04:45:52.941
choice-moving,Surfer5@bmm,4843,322,6390,6390,638,NULL,1060554,1060554,1060554,0,LIMIT,SELL,1,0,2018-08-17T04:41:40.617,2018-08-17T04:41:40.625
choice-moving,Surfer5@bmm,4843,322,6390,6390,638,NULL,1060555,1060554,1060554,1060447,LIMIT,SELL,1,99,2018-08-17T04:41:40.622,2018-08-17T04:41:40.625
choice-moving,Surfer18@bmm,4856,322,6390,6390,641,NULL,1060556,1060556,1060556,NULL,LIMIT,SELL,1,2,2018-08-17T04:41:41.184,2018-08-17T04:41:41.186
choice-moving,Surfer10@bmm,4848,322,6390,6390,639,NULL,1060557,1060462,1060462,1060462,CANCEL,BUY,1,93,2018-08-17T04:41:41.216,2018-08-17T04:41:41.221
choice-moving,Surfer5@bmm,4843,322,6390,6390,638,NULL,1060558,1060558,1060558,0,LIMIT,SELL,1,0,2018-08-17T04:41:41.925,2018-08-17T04:41:41.933
choice-moving,Surfer5@bmm,4843,322,6390,6390,638,NULL,1060559,1060558,1060558,1060450,LIMIT,SELL,1,99,2018-08-17T04:41:41.930,2018-08-17T04:41:41.933
choice-moving,Surfer17@bmm,4855,322,6390,6390,640,NULL,1060560,1060550,1060550,1060550,CANCEL,SELL,1,39,2018-08-17T04:41:42.289,2018-08-17T04:41:42.293
choice-moving,Surfer18@bmm,4856,322,6390,6390,641,NULL,1060561,1060561,1060561,NULL,LIMIT,SELL,1,4,2018-08-17T04:41:42.633,2018-08-17T04:41:42.635
choice-moving,Surfer5@bmm,4843,322,6390,6390,638,NULL,1060562,1060562,1060562,0,LIMIT,SELL,1,0,2018-08-17T04:41:43.999,2018-08-17T04:41:44.007
choice-moving,Surfer5@bmm,4843,322,6390,6390,638,NULL,1060563,1060562,1060562,1060405,LIMIT,SELL,1,98,2018-08-17T04:41:44.004,2018-08-17T04:41:44.007
choice-moving,Surfer14@bmm,4852,322,6390,6390,640,NULL,1060564,1060564,1060564,0,LIMIT,BUY,1,14,2018-08-17T04:41:44.645,2018-08-17T04:41:44.655
choice-moving,Surfer14@bmm,4852,322,6390,6390,640,NULL,1060565,1060564,1060564,1060382,LIMIT,BUY,1,7,2018-08-17T04:41:44.651,2018-08-17T04:41:44.655
choice-moving,Surfer2@bmm,4840,322,6390,6390,640,NULL,1060566,1060566,1060566,1060569,LIMIT,SELL,1,3,2018-08-17T04:41:44.787,2018-08-17T04:41:46.195
choice-moving,Surfer18@bmm,4856,322,6390,6390,641,NULL,1060567,1060567,1060567,NULL,LIMIT,SELL,1,3,2018-08-17T04:41:44.846,2018-08-17T04:41:44.848
choice-moving,Surfer14@bmm,4852,322,6390,6390,640,NULL,1060568,1060568,1060568,0,LIMIT,BUY,1,14,2018-08-17T04:41:46.186,2018-08-17T04:41:46.195
choice-moving,Surfer14@bmm,4852,322,6390,6390,640,NULL,1060569,1060568,1060568,1060566,LIMIT,BUY,1,3,2018-08-17T04:41:46.192,2018-08-17T04:41:46.195
choice-moving,Surfer18@bmm,4856,322,6390,6390,641,NULL,1060570,1060570,1060570,1060725,LIMIT,SELL,1,1,2018-08-17T04:41:46.880,2018-08-17T04:44:49.466
choice-moving,Surfer17@bmm,4855,322,6390,6390,640,NULL,1060571,1060571,1060571,0,LIMIT,BUY,1,30,2018-08-17T04:41:47.247,2018-08-17T04:41:47.254
choice-moving,Surfer17@bmm,4855,322,6390,6390,640,NULL,1060572,1060571,1060571,1060457,LIMIT,BUY,1,11,2018-08-17T04:41:47.251,2018-08-17T04:41:47.255
choice-moving,Surfer10@bmm,4848,322,6390,6390,638,NULL,1060573,1060573,1060573,NULL,LIMIT,BUY,1,99,2018-08-17T04:41:48.162,2018-08-17T04:41:48.164
choice-moving,Surfer10@bmm,4848,322,6390,6390,639,NULL,1060574,1060316,1060316,1060316,CANCEL,BUY,1,82,2018-08-17T04:41:50.210,2018-08-17T04:41:50.214
choice-moving,Surfer10@bmm,4848,322,6390,6390,639,NULL,1060575,1060308,1060308,1060308,CANCEL,BUY,1,80,2018-08-17T04:41:51.056,2018-08-17T04:41:51.060
choice-moving,Surfer14@bmm,4852,322,6390,6390,640,NULL,1060576,1060576,1060576,NULL,LIMIT,BUY,1,10,2018-08-17T04:41:52.260,2018-08-17T04:41:52.267
choice-moving,Surfer14@bmm,4852,322,6390,6390,640,NULL,1060577,1060577,1060577,NULL,LIMIT,BUY,1,10,2018-08-17T04:41:53.734,2018-08-17T04:41:53.736
choice-moving,Surfer13@bmm,4851,322,6390,6390,640,NULL,1060578,1060547,1060547,1060547,CANCEL,BUY,5,1,2018-08-17T04:41:55.340,2018-08-17T04:41:55.345
choice-moving,Surfer2@bmm,4840,322,6390,6390,641,NULL,1060579,1060579,1060579,NULL,LIMIT,SELL,1,9,2018-08-17T04:41:55.556,2018-08-17T04:41:55.559
choice-moving,Surfer17@bmm,4855,322,6390,6390,641,NULL,1060580,1060580,1060580,1060768,LIMIT,SELL,1,16,2018-08-17T04:41:56.653,2018-08-17T04:45:56.591
choice-moving,Surfer17@bmm,4855,322,6390,6390,641,NULL,1060581,1060581,1060581,1060767,LIMIT,SELL,1,16,2018-08-17T04:41:57.517,2018-08-17T04:45:56.086
choice-moving,Surfer17@bmm,4855,322,6390,6390,641,NULL,1060582,1060582,1060582,1060765,LIMIT,SELL,1,16,2018-08-17T04:41:57.761,2018-08-17T04:45:55.192
choice-moving,Surfer14@bmm,4852,322,6390,6390,640,NULL,1060583,1060583,1060583,NULL,LIMIT,BUY,1,15,2018-08-17T04:41:57.924,2018-08-17T04:41:57.926
choice-moving,Surfer6@bmm,4844,322,6390,6390,640,NULL,1060584,1060584,1060584,0,LIMIT,BUY,1,17,2018-08-17T04:41:58.117,2018-08-17T04:41:58.124
choice-moving,Surfer6@bmm,4844,322,6390,6390,640,NULL,1060585,1060584,1060584,1060502,LIMIT,BUY,1,16,2018-08-17T04:41:58.121,2018-08-17T04:41:58.125
choice-moving,Surfer15@bmm,4853,322,6390,6390,638,NULL,1060586,1060586,1060586,1060736,LIMIT,BUY,1,99,2018-08-17T04:41:59.284,2018-08-17T04:45:20.397
choice-moving,Surfer14@bmm,4852,322,6390,6390,640,NULL,1060587,1060587,1060587,NULL,LIMIT,BUY,1,15,2018-08-17T04:41:59.579,2018-08-17T04:41:59.582
choice-moving,Surfer8@bmm,4846,322,6390,6390,638,NULL,1060588,1060588,1060588,1060663,LIMIT,BUY,1,100,2018-08-17T04:42:00.932,2018-08-17T04:43:31.406
choice-moving,Surfer14@bmm,4852,322,6390,6390,640,NULL,1060589,1060589,1060589,NULL,LIMIT,BUY,1,14,2018-08-17T04:42:01.572,2018-08-17T04:42:01.576
choice-moving,Surfer2@bmm,4840,322,6390,6390,638,NULL,1060590,1060590,1060590,NULL,LIMIT,BUY,1,5,2018-08-17T04:42:02.800,2018-08-17T04:42:02.802
choice-moving,Surfer9@bmm,4847,322,6390,6390,640,NULL,1060591,1060591,1060591,1060615,LIMIT,SELL,1,88,2018-08-17T04:42:03.396,2018-08-17T04:42:19.624
choice-moving,Surfer14@bmm,4852,322,6390,6390,640,NULL,1060592,1060592,1060592,NULL,LIMIT,BUY,1,14,2018-08-17T04:42:03.909,2018-08-17T04:42:03.911
choice-moving,Surfer10@bmm,4848,322,6390,6390,639,NULL,1060593,1060593,1060593,NULL,LIMIT,BUY,1,99,2018-08-17T04:42:05.009,2018-08-17T04:42:05.011
choice-moving,Surfer6@bmm,4844,322,6390,6390,640,NULL,1060594,1060594,1060594,0,LIMIT,BUY,1,26,2018-08-17T04:42:06.257,2018-08-17T04:42:06.266
choice-moving,Surfer6@bmm,4844,322,6390,6390,640,NULL,1060595,1060594,1060594,1060309,LIMIT,BUY,1,20,2018-08-17T04:42:06.263,2018-08-17T04:42:06.266
choice-moving,Surfer17@bmm,4855,322,6390,6390,639,NULL,1060596,1060596,1060596,1060762,LIMIT,BUY,1,76,2018-08-17T04:42:06.363,2018-08-17T04:45:49.805
choice-moving,Surfer2@bmm,4840,322,6390,6390,638,NULL,1060597,1060597,1060597,NULL,LIMIT,BUY,1,13,2018-08-17T04:42:06.846,2018-08-17T04:42:06.848
choice-moving,Surfer14@bmm,4852,322,6390,6390,640,NULL,1060598,1060598,1060598,NULL,LIMIT,BUY,1,15,2018-08-17T04:42:07.837,2018-08-17T04:42:07.839
choice-moving,Surfer6@bmm,4844,322,6390,6390,640,NULL,1060599,1060599,1060599,0,LIMIT,BUY,1,26,2018-08-17T04:42:09.531,2018-08-17T04:42:09.541
choice-moving,Surfer6@bmm,4844,322,6390,6390,640,NULL,1060600,1060599,1060599,1060519,LIMIT,BUY,1,22,2018-08-17T04:42:09.538,2018-08-17T04:42:09.542
choice-moving,Surfer14@bmm,4852,322,6390,6390,640,NULL,1060601,1060601,1060601,NULL,LIMIT,BUY,1,16,2018-08-17T04:42:09.596,2018-08-17T04:42:09.598
choice-moving,Surfer14@bmm,4852,322,6390,6390,640,NULL,1060602,1060602,1060602,NULL,LIMIT,BUY,1,17,2018-08-17T04:42:11.595,2018-08-17T04:42:11.597
choice-moving,Surfer2@bmm,4840,322,6390,6390,640,NULL,1060603,1060603,1060603,0,LIMIT,BUY,1,31,2018-08-17T04:42:12.166,2018-08-17T04:42:12.175
choice-moving,Surfer2@bmm,4840,322,6390,6390,640,NULL,1060604,1060603,1060603,1060528,LIMIT,BUY,1,22,2018-08-17T04:42:12.171,2018-08-17T04:42:12.175
choice-moving,Surfer14@bmm,4852,322,6390,6390,640,NULL,1060605,1060605,1060605,NULL,LIMIT,BUY,1,18,2018-08-17T04:42:12.820,2018-08-17T04:42:12.822
choice-moving,Surfer6@bmm,4844,322,6390,6390,640,NULL,1060606,1060606,1060606,0,LIMIT,BUY,1,26,2018-08-17T04:42:12.912,2018-08-17T04:42:12.920
choice-moving,Surfer6@bmm,4844,322,6390,6390,640,NULL,1060607,1060606,1060606,1060535,LIMIT,BUY,1,22,2018-08-17T04:42:12.917,2018-08-17T04:42:12.920
choice-moving,Surfer4@bmm,4842,322,6390,6390,640,NULL,1060608,1060608,1060608,NULL,LIMIT,BUY,1,22,2018-08-17T04:42:14.131,2018-08-17T04:42:14.134
choice-moving,Surfer14@bmm,4852,322,6390,6390,640,NULL,1060609,1060609,1060609,NULL,LIMIT,BUY,1,19,2018-08-17T04:42:14.203,2018-08-17T04:42:14.206
choice-moving,Surfer2@bmm,4840,322,6390,6390,640,NULL,1060610,1060610,1060610,1060611,LIMIT,SELL,1,31,2018-08-17T04:42:15.984,2018-08-17T04:42:18.806
choice-moving,Surfer2@bmm,4840,322,6390,6390,640,NULL,1060611,1060611,1060611,1060610,LIMIT,BUY,1,31,2018-08-17T04:42:18.800,2018-08-17T04:42:18.805
choice-moving,Surfer6@bmm,4844,322,6390,6390,640,NULL,1060612,1060612,1060612,0,LIMIT,BUY,1,78,2018-08-17T04:42:19.025,2018-08-17T04:42:19.034
choice-moving,Surfer6@bmm,4844,322,6390,6390,640,NULL,1060613,1060612,1060612,1060321,LIMIT,BUY,1,66,2018-08-17T04:42:19.030,2018-08-17T04:42:19.034
choice-moving,Surfer8@bmm,4846,322,6390,6390,640,NULL,1060614,1060614,1060614,0,LIMIT,BUY,1,90,2018-08-17T04:42:19.614,2018-08-17T04:42:19.624
choice-moving,Surfer8@bmm,4846,322,6390,6390,640,NULL,1060615,1060614,1060614,1060591,LIMIT,BUY,1,88,2018-08-17T04:42:19.621,2018-08-17T04:42:19.624
choice-moving,Surfer13@bmm,4851,322,6390,6390,640,NULL,1060616,1060616,1060616,1060623,LIMIT,BUY,1,25,2018-08-17T04:42:22.021,2018-08-17T04:42:29.688
choice-moving,Surfer14@bmm,4852,322,6390,6390,640,NULL,1060617,1060617,1060617,NULL,LIMIT,BUY,1,23,2018-08-17T04:42:22.849,2018-08-17T04:42:22.851
choice-moving,Surfer6@bmm,4844,322,6390,6390,640,NULL,1060618,1060618,1060618,0,LIMIT,BUY,1,95,2018-08-17T04:42:23.746,2018-08-17T04:42:23.757
choice-moving,Surfer6@bmm,4844,322,6390,6390,640,NULL,1060619,1060618,1060618,1060387,LIMIT,BUY,1,90,2018-08-17T04:42:23.753,2018-08-17T04:42:23.757
choice-moving,Surfer13@bmm,4851,322,6390,6390,640,NULL,1060620,1060620,1060620,1060634,LIMIT,BUY,1,30,2018-08-17T04:42:24.931,2018-08-17T04:42:41.853
choice-moving,Surfer6@bmm,4844,322,6390,6390,640,NULL,1060621,1060621,1060621,0,LIMIT,BUY,1,95,2018-08-17T04:42:27.714,2018-08-17T04:42:27.725
choice-moving,Surfer6@bmm,4844,322,6390,6390,640,NULL,1060622,1060621,1060621,1060398,LIMIT,BUY,1,90,2018-08-17T04:42:27.721,2018-08-17T04:42:27.725
choice-moving,Surfer13@bmm,4851,322,6390,6390,640,NULL,1060623,1060616,1060616,1060616,CANCEL,BUY,1,25,2018-08-17T04:42:29.683,2018-08-17T04:42:29.688
choice-moving,Surfer14@bmm,4852,322,6390,6390,640,NULL,1060624,1060624,1060624,1060507,LIMIT,BUY,1,90,2018-08-17T04:42:30.685,2018-08-17T04:42:30.690
choice-moving,Surfer2@bmm,4840,322,6390,6390,639,NULL,1060625,1060625,1060625,NULL,LIMIT,BUY,1,13,2018-08-17T04:42:31.337,2018-08-17T04:42:31.339
choice-moving,Surfer15@bmm,4853,322,6390,6390,640,NULL,1060626,1060626,1060626,NULL,LIMIT,BUY,1,0,2018-08-17T04:42:33.748,2018-08-17T04:42:33.750
choice-moving,Surfer15@bmm,4853,322,6390,6390,640,NULL,1060627,1060627,1060627,NULL,LIMIT,BUY,1,0,2018-08-17T04:42:34.732,2018-08-17T04:42:34.734
choice-moving,Surfer15@bmm,4853,322,6390,6390,640,NULL,1060628,1060628,1060628,NULL,LIMIT,BUY,1,0,2018-08-17T04:42:35.548,2018-08-17T04:42:35.550
choice-moving,Surfer15@bmm,4853,322,6390,6390,640,NULL,1060629,1060629,1060629,NULL,LIMIT,BUY,1,0,2018-08-17T04:42:36.628,2018-08-17T04:42:36.630
choice-moving,Surfer15@bmm,4853,322,6390,6390,640,NULL,1060630,1060630,1060630,1060648,LIMIT,BUY,1,0,2018-08-17T04:42:39.348,2018-08-17T04:43:12.585
choice-moving,Surfer2@bmm,4840,322,6390,6390,640,NULL,1060631,1060631,1060631,NULL,LIMIT,BUY,1,17,2018-08-17T04:42:39.698,2018-08-17T04:42:39.700
choice-moving,Surfer6@bmm,4844,322,6390,6390,641,NULL,1060632,1060632,1060632,1060748,LIMIT,SELL,1,2,2018-08-17T04:42:41.201,2018-08-17T04:45:34.539
choice-moving,Surfer2@bmm,4840,322,6390,6390,640,NULL,1060633,1060633,1060633,0,LIMIT,SELL,1,17,2018-08-17T04:42:41.845,2018-08-17T04:42:41.852
choice-moving,Surfer2@bmm,4840,322,6390,6390,640,NULL,1060634,1060633,1060633,1060620,LIMIT,SELL,1,30,2018-08-17T04:42:41.849,2018-08-17T04:42:41.853
choice-moving,Surfer14@bmm,4852,322,6390,6390,640,NULL,1060635,1060635,1060635,NULL,LIMIT,BUY,1,3,2018-08-17T04:42:44.542,2018-08-17T04:42:44.545
choice-moving,Surfer6@bmm,4844,322,6390,6390,641,NULL,1060636,1060342,1060342,1060342,CANCEL,SELL,1,18,2018-08-17T04:42:45.465,2018-08-17T04:42:45.469
choice-moving,Surfer2@bmm,4840,322,6390,6390,640,NULL,1060637,1060637,1060637,NULL,LIMIT,BUY,1,17,2018-08-17T04:42:45.747,2018-08-17T04:42:45.750
choice-moving,Surfer14@bmm,4852,322,6390,6390,640,NULL,1060638,1060638,1060638,NULL,LIMIT,BUY,1,3,2018-08-17T04:42:47.122,2018-08-17T04:42:47.125
choice-moving,Surfer6@bmm,4844,322,6390,6390,641,NULL,1060639,1060639,1060639,1060548,LIMIT,SELL,1,0,2018-08-17T04:42:49.567,2018-08-17T04:42:49.574
choice-moving,Surfer4@bmm,4842,322,6390,6390,639,NULL,1060640,1060449,1060449,1060449,CANCEL,BUY,1,83,2018-08-17T04:42:57.142,2018-08-17T04:42:57.147
choice-moving,Surfer4@bmm,4842,322,6390,6390,639,NULL,1060641,1060448,1060448,1060448,CANCEL,BUY,1,83,2018-08-17T04:42:58.156,2018-08-17T04:42:58.160
choice-moving,Surfer15@bmm,4853,322,6390,6390,639,NULL,1060642,1060315,1060315,1060315,CANCEL,BUY,1,91,2018-08-17T04:42:58.388,2018-08-17T04:42:58.395
choice-moving,Surfer18@bmm,4856,322,6390,6390,640,NULL,1060643,1060643,1060643,1060646,LIMIT,SELL,1,80,2018-08-17T04:42:59.840,2018-08-17T04:43:07.113
choice-moving,Surfer1@bmm,4839,322,6390,6390,639,NULL,1060644,1060644,1060644,NULL,LIMIT,BUY,1,71,2018-08-17T04:43:02.258,2018-08-17T04:43:02.260
choice-moving,Surfer6@bmm,4844,322,6390,6390,640,NULL,1060645,1060645,1060645,0,LIMIT,BUY,1,84,2018-08-17T04:43:07.105,2018-08-17T04:43:07.113
choice-moving,Surfer6@bmm,4844,322,6390,6390,640,NULL,1060646,1060645,1060645,1060643,LIMIT,BUY,1,80,2018-08-17T04:43:07.110,2018-08-17T04:43:07.114
choice-moving,Surfer2@bmm,4840,322,6390,6390,640,NULL,1060647,1060647,1060647,NULL,LIMIT,BUY,1,17,2018-08-17T04:43:11.826,2018-08-17T04:43:11.828
choice-moving,Surfer15@bmm,4853,322,6390,6390,640,NULL,1060648,1060630,1060630,1060630,CANCEL,BUY,1,0,2018-08-17T04:43:12.580,2018-08-17T04:43:12.585
choice-moving,Surfer9@bmm,4847,322,6390,6390,640,NULL,1060649,1060649,1060649,NULL,LIMIT,BUY,1,22,2018-08-17T04:43:14.127,2018-08-17T04:43:14.129
choice-moving,Surfer16@bmm,4854,322,6390,6390,638,NULL,1060650,1060650,1060650,NULL,LIMIT,BUY,1,7,2018-08-17T04:43:18.763,2018-08-17T04:43:18.765
choice-moving,Surfer14@bmm,4852,322,6390,6390,641,NULL,1060651,1060651,1060651,NULL,LIMIT,SELL,1,98,2018-08-17T04:43:19.101,2018-08-17T04:43:19.103
choice-moving,Surfer4@bmm,4842,322,6390,6390,641,NULL,1060652,1060652,1060652,1060549,LIMIT,SELL,1,0,2018-08-17T04:43:19.772,2018-08-17T04:43:19.776
choice-moving,Surfer16@bmm,4854,322,6390,6390,638,NULL,1060653,1060653,1060653,NULL,LIMIT,BUY,1,7,2018-08-17T04:43:20.243,2018-08-17T04:43:20.245
choice-moving,Surfer4@bmm,4842,322,6390,6390,641,NULL,1060654,1060654,1060654,1060551,LIMIT,SELL,1,0,2018-08-17T04:43:20.573,2018-08-17T04:43:20.578
choice-moving,Surfer4@bmm,4842,322,6390,6390,641,NULL,1060655,1060655,1060655,NULL,LIMIT,SELL,1,15,2018-08-17T04:43:23.246,2018-08-17T04:43:23.249
choice-moving,Surfer2@bmm,4840,322,6390,6390,638,NULL,1060656,1060656,1060656,NULL,LIMIT,BUY,1,1,2018-08-17T04:43:24.501,2018-08-17T04:43:24.503
choice-moving,Surfer14@bmm,4852,322,6390,6390,641,NULL,1060657,1060657,1060657,NULL,LIMIT,SELL,1,98,2018-08-17T04:43:24.550,2018-08-17T04:43:24.552
choice-moving,Surfer16@bmm,4854,322,6390,6390,638,NULL,1060658,1060658,1060658,NULL,LIMIT,BUY,2,20,2018-08-17T04:43:24.769,2018-08-17T04:43:24.771
choice-moving,Surfer6@bmm,4844,322,6390,6390,640,NULL,1060659,1060659,1060659,1060702,LIMIT,BUY,1,53,2018-08-17T04:43:26.217,2018-08-17T04:44:09.267
choice-moving,Surfer9@bmm,4847,322,6390,6390,638,NULL,1060660,1060660,1060660,NULL,LIMIT,BUY,1,13,2018-08-17T04:43:28.745,2018-08-17T04:43:28.748
choice-moving,Surfer2@bmm,4840,322,6390,6390,638,NULL,1060661,1060661,1060661,NULL,LIMIT,BUY,1,11,2018-08-17T04:43:30.202,2018-08-17T04:43:30.204
choice-moving,Surfer8@bmm,4846,322,6390,6390,639,NULL,1060662,1060501,1060501,1060501,CANCEL,BUY,1,100,2018-08-17T04:43:30.527,2018-08-17T04:43:30.531
choice-moving,Surfer8@bmm,4846,322,6390,6390,638,NULL,1060663,1060588,1060588,1060588,CANCEL,BUY,1,100,2018-08-17T04:43:31.401,2018-08-17T04:43:31.405
choice-moving,Surfer8@bmm,4846,322,6390,6390,638,NULL,1060664,1060664,1060664,1060709,LIMIT,BUY,1,100,2018-08-17T04:43:33.347,2018-08-17T04:44:24.287
choice-moving,Surfer16@bmm,4854,322,6390,6390,639,NULL,1060665,1060665,1060665,NULL,LIMIT,BUY,2,6,2018-08-17T04:43:33.645,2018-08-17T04:43:33.647
choice-moving,Surfer6@bmm,4844,322,6390,6390,641,NULL,1060666,1060666,1060666,1060728,LIMIT,SELL,1,1,2018-08-17T04:43:36.247,2018-08-17T04:44:58.217
choice-moving,Surfer16@bmm,4854,322,6390,6390,639,NULL,1060667,1060667,1060667,NULL,LIMIT,BUY,2,44,2018-08-17T04:43:36.612,2018-08-17T04:43:36.615
choice-moving,Surfer8@bmm,4846,322,6390,6390,639,NULL,1060668,1060668,1060668,1060739,LIMIT,BUY,1,100,2018-08-17T04:43:37.364,2018-08-17T04:45:23.440
choice-moving,Surfer14@bmm,4852,322,6390,6390,640,NULL,1060669,1060669,1060669,1060672,LIMIT,BUY,1,100,2018-08-17T04:43:37.660,2018-08-17T04:43:38.941
choice-moving,Surfer3@bmm,4841,322,6390,6390,640,NULL,1060670,1060670,1060670,1060753,LIMIT,BUY,1,63,2018-08-17T04:43:38.281,2018-08-17T04:45:41.563
choice-moving,Surfer17@bmm,4855,322,6390,6390,640,NULL,1060671,1060671,1060671,0,LIMIT,SELL,1,90,2018-08-17T04:43:38.932,2018-08-17T04:43:38.940
choice-moving,Surfer17@bmm,4855,322,6390,6390,640,NULL,1060672,1060671,1060671,1060669,LIMIT,SELL,1,100,2018-08-17T04:43:38.937,2018-08-17T04:43:38.941
choice-moving,Surfer3@bmm,4841,322,6390,6390,640,NULL,1060673,1060673,1060673,1060756,LIMIT,BUY,1,78,2018-08-17T04:43:39.422,2018-08-17T04:45:44.008
choice-moving,Surfer9@bmm,4847,322,6390,6390,638,NULL,1060674,1060674,1060674,NULL,LIMIT,BUY,2,13,2018-08-17T04:43:39.747,2018-08-17T04:43:39.750
choice-moving,Surfer16@bmm,4854,322,6390,6390,639,NULL,1060675,1060675,1060675,NULL,LIMIT,BUY,1,71,2018-08-17T04:43:41.417,2018-08-17T04:43:41.420
choice-moving,Surfer12@bmm,4850,322,6390,6390,640,NULL,1060676,1060676,1060676,1060698,LIMIT,BUY,1,90,2018-08-17T04:43:42.242,2018-08-17T04:44:04.011
choice-moving,Surfer17@bmm,4855,322,6390,6390,640,NULL,1060677,1060677,1060677,1060681,LIMIT,SELL,1,100,2018-08-17T04:43:42.853,2018-08-17T04:43:47.592
choice-moving,Surfer3@bmm,4841,322,6390,6390,640,NULL,1060678,1060678,1060678,1060755,LIMIT,BUY,1,67,2018-08-17T04:43:43.552,2018-08-17T04:45:43.237
choice-moving,Surfer16@bmm,4854,322,6390,6390,639,NULL,1060679,1060679,1060679,NULL,LIMIT,BUY,1,71,2018-08-17T04:43:44.353,2018-08-17T04:43:44.355
choice-moving,Surfer2@bmm,4840,322,6390,6390,639,NULL,1060680,1060680,1060680,NULL,LIMIT,BUY,1,2,2018-08-17T04:43:45.110,2018-08-17T04:43:45.112
choice-moving,Surfer8@bmm,4846,322,6390,6390,640,NULL,1060681,1060681,1060681,1060677,LIMIT,BUY,1,100,2018-08-17T04:43:47.586,2018-08-17T04:43:47.591
choice-moving,Surfer16@bmm,4854,322,6390,6390,639,NULL,1060682,1060682,1060682,1060692,LIMIT,BUY,1,71,2018-08-17T04:43:47.665,2018-08-17T04:43:59.649
choice-moving,Surfer14@bmm,4852,322,6390,6390,640,NULL,1060683,1060683,1060683,NULL,LIMIT,BUY,1,0,2018-08-17T04:43:47.830,2018-08-17T04:43:47.832
choice-moving,Surfer3@bmm,4841,322,6390,6390,640,NULL,1060684,1060684,1060684,1060701,LIMIT,BUY,1,91,2018-08-17T04:43:47.975,2018-08-17T04:44:07.849
choice-moving,Surfer14@bmm,4852,322,6390,6390,640,NULL,1060685,1060685,1060685,NULL,LIMIT,BUY,1,40,2018-08-17T04:43:50.078,2018-08-17T04:43:50.080
choice-moving,Surfer9@bmm,4847,322,6390,6390,639,NULL,1060686,1060686,1060686,NULL,LIMIT,BUY,1,13,2018-08-17T04:43:53.473,2018-08-17T04:43:53.475
choice-moving,Surfer16@bmm,4854,322,6390,6390,639,NULL,1060687,1060687,1060687,NULL,LIMIT,BUY,2,1,2018-08-17T04:43:53.572,2018-08-17T04:43:53.574
choice-moving,Surfer16@bmm,4854,322,6390,6390,639,NULL,1060688,1060688,1060688,NULL,LIMIT,BUY,2,1,2018-08-17T04:43:54.098,2018-08-17T04:43:54.100
choice-moving,Surfer5@bmm,4843,322,6390,6390,638,NULL,1060689,1060689,1060689,NULL,LIMIT,BUY,1,0,2018-08-17T04:43:54.970,2018-08-17T04:43:54.973
choice-moving,Surfer2@bmm,4840,322,6390,6390,639,NULL,1060690,1060690,1060690,NULL,LIMIT,BUY,1,5,2018-08-17T04:43:56.669,2018-08-17T04:43:56.671
choice-moving,Surfer9@bmm,4847,322,6390,6390,639,NULL,1060691,1060691,1060691,NULL,LIMIT,BUY,1,13,2018-08-17T04:43:57.846,2018-08-17T04:43:57.848
choice-moving,Surfer16@bmm,4854,322,6390,6390,639,NULL,1060692,1060682,1060682,1060682,CANCEL,BUY,1,71,2018-08-17T04:43:59.644,2018-08-17T04:43:59.649
choice-moving,Surfer3@bmm,4841,322,6390,6390,638,NULL,1060693,1060296,1060296,1060296,CANCEL,BUY,1,72,2018-08-17T04:44:01.303,2018-08-17T04:44:01.307
choice-moving,Surfer3@bmm,4841,322,6390,6390,638,NULL,1060694,1060307,1060307,1060307,CANCEL,BUY,1,78,2018-08-17T04:44:02.123,2018-08-17T04:44:02.130
choice-moving,Surfer16@bmm,4854,322,6390,6390,639,NULL,1060695,1060695,1060695,NULL,LIMIT,BUY,2,1,2018-08-17T04:44:02.712,2018-08-17T04:44:02.715
choice-moving,Surfer3@bmm,4841,322,6390,6390,638,NULL,1060696,1060297,1060297,1060297,CANCEL,BUY,1,80,2018-08-17T04:44:03.251,2018-08-17T04:44:03.255
choice-moving,Surfer17@bmm,4855,322,6390,6390,640,NULL,1060697,1060697,1060697,1060711,LIMIT,SELL,1,100,2018-08-17T04:44:03.462,2018-08-17T04:44:25.397
choice-moving,Surfer12@bmm,4850,322,6390,6390,640,NULL,1060698,1060676,1060676,1060676,CANCEL,BUY,1,90,2018-08-17T04:44:04.006,2018-08-17T04:44:04.010
choice-moving,Surfer16@bmm,4854,322,6390,6390,639,NULL,1060699,1060699,1060699,NULL,LIMIT,BUY,2,1,2018-08-17T04:44:04.897,2018-08-17T04:44:04.899
choice-moving,Surfer16@bmm,4854,322,6390,6390,639,NULL,1060700,1060700,1060700,NULL,LIMIT,BUY,2,1,2018-08-17T04:44:06.045,2018-08-17T04:44:06.047
choice-moving,Surfer3@bmm,4841,322,6390,6390,640,NULL,1060701,1060684,1060684,1060684,CANCEL,BUY,1,91,2018-08-17T04:44:07.844,2018-08-17T04:44:07.849
choice-moving,Surfer6@bmm,4844,322,6390,6390,640,NULL,1060702,1060659,1060659,1060659,CANCEL,BUY,1,53,2018-08-17T04:44:09.262,2018-08-17T04:44:09.267
choice-moving,Surfer2@bmm,4840,322,6390,6390,639,NULL,1060703,1060703,1060703,NULL,LIMIT,BUY,1,4,2018-08-17T04:44:09.622,2018-08-17T04:44:09.624
choice-moving,Surfer12@bmm,4850,322,6390,6390,640,NULL,1060704,1060704,1060704,1060708,LIMIT,BUY,1,92,2018-08-17T04:44:11.294,2018-08-17T04:44:19.774
choice-moving,Surfer9@bmm,4847,322,6390,6390,638,NULL,1060705,1060705,1060705,NULL,LIMIT,BUY,1,85,2018-08-17T04:44:11.490,2018-08-17T04:44:11.492
choice-moving,Surfer6@bmm,4844,322,6390,6390,640,NULL,1060706,1060706,1060706,NULL,LIMIT,BUY,1,95,2018-08-17T04:44:16.600,2018-08-17T04:44:16.602
choice-moving,Surfer2@bmm,4840,322,6390,6390,640,NULL,1060707,1060707,1060707,NULL,LIMIT,BUY,1,16,2018-08-17T04:44:17.624,2018-08-17T04:44:17.626
choice-moving,Surfer12@bmm,4850,322,6390,6390,640,NULL,1060708,1060704,1060704,1060704,CANCEL,BUY,1,92,2018-08-17T04:44:19.770,2018-08-17T04:44:19.774
choice-moving,Surfer17@bmm,4855,322,6390,6390,638,NULL,1060709,1060709,1060709,1060664,LIMIT,SELL,1,100,2018-08-17T04:44:24.282,2018-08-17T04:44:24.287
choice-moving,Surfer12@bmm,4850,322,6390,6390,640,NULL,1060710,1060710,1060710,1060723,LIMIT,BUY,1,96,2018-08-17T04:44:24.424,2018-08-17T04:44:48.801
choice-moving,Surfer13@bmm,4851,322,6390,6390,640,NULL,1060711,1060711,1060711,1060697,LIMIT,BUY,1,100,2018-08-17T04:44:25.391,2018-08-17T04:44:25.397
choice-moving,Surfer1@bmm,4839,322,6390,6390,640,NULL,1060712,1060712,1060712,NULL,LIMIT,BUY,1,50,2018-08-17T04:44:27.529,2018-08-17T04:44:27.531
choice-moving,Surfer9@bmm,4847,322,6390,6390,638,NULL,1060713,1060713,1060713,NULL,LIMIT,BUY,2,63,2018-08-17T04:44:27.725,2018-08-17T04:44:27.727
choice-moving,Surfer7@bmm,4845,322,6390,6390,639,NULL,1060714,1060464,1060464,1060464,CANCEL,BUY,1,60,2018-08-17T04:44:27.966,2018-08-17T04:44:27.970
choice-moving,Surfer2@bmm,4840,322,6390,6390,640,NULL,1060715,1060715,1060715,NULL,LIMIT,BUY,1,5,2018-08-17T04:44:30.709,2018-08-17T04:44:30.711
choice-moving,Surfer15@bmm,4853,322,6390,6390,639,NULL,1060716,1060443,1060443,1060443,CANCEL,BUY,1,99,2018-08-17T04:44:34.756,2018-08-17T04:44:34.764
choice-moving,Surfer9@bmm,4847,322,6390,6390,641,NULL,1060717,1060717,1060717,NULL,LIMIT,BUY,2,0,2018-08-17T04:44:35.119,2018-08-17T04:44:35.122
choice-moving,Surfer16@bmm,4854,322,6390,6390,641,NULL,1060718,1060718,1060718,1060773,LIMIT,SELL,1,6,2018-08-17T04:44:41.710,2018-08-17T04:46:08.612
choice-moving,Surfer16@bmm,4854,322,6390,6390,641,NULL,1060719,1060719,1060719,1060776,LIMIT,SELL,1,6,2018-08-17T04:44:42.789,2018-08-17T04:46:10.640
choice-moving,Surfer16@bmm,4854,322,6390,6390,641,NULL,1060720,1060720,1060720,1060775,LIMIT,SELL,1,6,2018-08-17T04:44:43.684,2018-08-17T04:46:09.483
choice-moving,Surfer16@bmm,4854,322,6390,6390,641,NULL,1060721,1060721,1060721,1060772,LIMIT,SELL,1,6,2018-08-17T04:44:44.555,2018-08-17T04:46:07.610
choice-moving,Surfer9@bmm,4847,322,6390,6390,640,NULL,1060722,1060722,1060722,0,LIMIT,SELL,1,0,2018-08-17T04:44:48.792,2018-08-17T04:44:48.801
choice-moving,Surfer9@bmm,4847,322,6390,6390,640,NULL,1060723,1060722,1060722,1060710,LIMIT,SELL,1,96,2018-08-17T04:44:48.797,2018-08-17T04:44:48.801
choice-moving,Surfer2@bmm,4840,322,6390,6390,641,NULL,1060724,1060724,1060724,0,LIMIT,BUY,1,3,2018-08-17T04:44:49.456,2018-08-17T04:44:49.465
choice-moving,Surfer2@bmm,4840,322,6390,6390,641,NULL,1060725,1060724,1060724,1060570,LIMIT,BUY,1,1,2018-08-17T04:44:49.462,2018-08-17T04:44:49.466
choice-moving,Surfer2@bmm,4840,322,6390,6390,641,NULL,1060726,1060726,1060726,NULL,LIMIT,SELL,1,3,2018-08-17T04:44:52.583,2018-08-17T04:44:52.585
choice-moving,Surfer2@bmm,4840,322,6390,6390,641,NULL,1060727,1060727,1060727,0,LIMIT,BUY,1,6,2018-08-17T04:44:58.207,2018-08-17T04:44:58.217
choice-moving,Surfer2@bmm,4840,322,6390,6390,641,NULL,1060728,1060727,1060727,1060666,LIMIT,BUY,1,1,2018-08-17T04:44:58.214,2018-08-17T04:44:58.217
choice-moving,Surfer2@bmm,4840,322,6390,6390,641,NULL,1060729,1060729,1060729,NULL,LIMIT,SELL,1,6,2018-08-17T04:45:00.700,2018-08-17T04:45:00.703
choice-moving,Surfer14@bmm,4852,322,6390,6390,640,NULL,1060730,1060730,1060730,NULL,LIMIT,BUY,1,54,2018-08-17T04:45:02.135,2018-08-17T04:45:02.137
choice-moving,Surfer9@bmm,4847,322,6390,6390,640,NULL,1060731,1060731,1060731,NULL,LIMIT,BUY,1,50,2018-08-17T04:45:02.775,2018-08-17T04:45:02.777
choice-moving,Surfer2@bmm,4840,322,6390,6390,638,NULL,1060732,1060732,1060732,NULL,LIMIT,BUY,1,5,2018-08-17T04:45:05.383,2018-08-17T04:45:05.385
choice-moving,Surfer2@bmm,4840,322,6390,6390,639,NULL,1060733,1060733,1060733,NULL,LIMIT,BUY,1,7,2018-08-17T04:45:09.367,2018-08-17T04:45:09.369
choice-moving,Surfer2@bmm,4840,322,6390,6390,640,NULL,1060734,1060734,1060734,NULL,LIMIT,BUY,1,11,2018-08-17T04:45:13.608,2018-08-17T04:45:13.610
choice-moving,Surfer2@bmm,4840,322,6390,6390,640,NULL,1060735,1060735,1060735,NULL,LIMIT,BUY,1,11,2018-08-17T04:45:16.769,2018-08-17T04:45:16.771
choice-moving,Surfer15@bmm,4853,322,6390,6390,638,NULL,1060736,1060586,1060586,1060586,CANCEL,BUY,1,99,2018-08-17T04:45:20.392,2018-08-17T04:45:20.396
choice-moving,Surfer2@bmm,4840,322,6390,6390,638,NULL,1060737,1060737,1060737,NULL,LIMIT,BUY,1,0,2018-08-17T04:45:20.646,2018-08-17T04:45:20.658
choice-moving,Surfer9@bmm,4847,322,6390,6390,638,NULL,1060738,1060738,1060738,1060749,LIMIT,BUY,4,20,2018-08-17T04:45:22.872,2018-08-17T04:45:35.071
choice-moving,Surfer14@bmm,4852,322,6390,6390,639,NULL,1060739,1060739,1060739,1060668,LIMIT,SELL,1,100,2018-08-17T04:45:23.435,2018-08-17T04:45:23.440
choice-moving,Surfer2@bmm,4840,322,6390,6390,639,NULL,1060740,1060740,1060740,NULL,LIMIT,BUY,1,0,2018-08-17T04:45:24.636,2018-08-17T04:45:24.638
choice-moving,Surfer2@bmm,4840,322,6390,6390,639,NULL,1060741,1060741,1060741,1060771,LIMIT,BUY,1,100,2018-08-17T04:45:26.245,2018-08-17T04:46:03.059
choice-moving,Surfer8@bmm,4846,322,6390,6390,641,NULL,1060742,1060742,1060742,NULL,LIMIT,SELL,1,35,2018-08-17T04:45:27.103,2018-08-17T04:45:27.105
choice-moving,Surfer9@bmm,4847,322,6390,6390,638,NULL,1060743,1060743,1060743,1060747,LIMIT,BUY,4,20,2018-08-17T04:45:28.378,2018-08-17T04:45:32.961
choice-moving,Surfer3@bmm,4841,322,6390,6390,638,NULL,1060744,1060299,1060299,1060299,CANCEL,BUY,1,57,2018-08-17T04:45:30.546,2018-08-17T04:45:30.552
choice-moving,Surfer2@bmm,4840,322,6390,6390,640,NULL,1060745,1060745,1060745,NULL,LIMIT,BUY,1,54,2018-08-17T04:45:31.869,2018-08-17T04:45:31.872
choice-moving,Surfer14@bmm,4852,322,6390,6390,640,NULL,1060746,1060746,1060746,NULL,LIMIT,BUY,1,59,2018-08-17T04:45:32.757,2018-08-17T04:45:32.759
choice-moving,Surfer9@bmm,4847,322,6390,6390,638,NULL,1060747,1060743,1060743,1060743,CANCEL,BUY,4,20,2018-08-17T04:45:32.956,2018-08-17T04:45:32.961
choice-moving,Surfer6@bmm,4844,322,6390,6390,641,NULL,1060748,1060632,1060632,1060632,CANCEL,SELL,1,2,2018-08-17T04:45:34.534,2018-08-17T04:45:34.539
choice-moving,Surfer9@bmm,4847,322,6390,6390,638,NULL,1060749,1060738,1060738,1060738,CANCEL,BUY,4,20,2018-08-17T04:45:35.067,2018-08-17T04:45:35.071
choice-moving,Surfer2@bmm,4840,322,6390,6390,638,NULL,1060750,1060750,1060750,NULL,LIMIT,BUY,1,58,2018-08-17T04:45:35.463,2018-08-17T04:45:35.465
choice-moving,Surfer6@bmm,4844,322,6390,6390,641,NULL,1060751,1060751,1060751,1060552,LIMIT,SELL,1,0,2018-08-17T04:45:36.168,2018-08-17T04:45:36.175
choice-moving,Surfer3@bmm,4841,322,6390,6390,640,NULL,1060752,1060752,1060752,NULL,LIMIT,BUY,1,96,2018-08-17T04:45:37.776,2018-08-17T04:45:37.778
choice-moving,Surfer3@bmm,4841,322,6390,6390,640,NULL,1060753,1060670,1060670,1060670,CANCEL,BUY,1,63,2018-08-17T04:45:41.558,2018-08-17T04:45:41.562
choice-moving,Surfer17@bmm,4855,322,6390,6390,639,NULL,1060754,1060754,1060754,NULL,LIMIT,BUY,1,100,2018-08-17T04:45:42.085,2018-08-17T04:45:42.087
choice-moving,Surfer3@bmm,4841,322,6390,6390,640,NULL,1060755,1060678,1060678,1060678,CANCEL,BUY,1,67,2018-08-17T04:45:43.229,2018-08-17T04:45:43.237
choice-moving,Surfer3@bmm,4841,322,6390,6390,640,NULL,1060756,1060673,1060673,1060673,CANCEL,BUY,1,78,2018-08-17T04:45:44.003,2018-08-17T04:45:44.008
choice-moving,Surfer7@bmm,4845,322,6390,6390,638,NULL,1060757,1060302,1060302,1060302,CANCEL,BUY,1,64,2018-08-17T04:45:44.720,2018-08-17T04:45:44.733
choice-moving,Surfer3@bmm,4841,322,6390,6390,640,NULL,1060758,1060758,1060758,NULL,LIMIT,BUY,1,97,2018-08-17T04:45:47.622,2018-08-17T04:45:47.624
choice-moving,Surfer17@bmm,4855,322,6390,6390,639,NULL,1060759,1060337,1060337,1060337,CANCEL,BUY,1,90,2018-08-17T04:45:47.656,2018-08-17T04:45:47.661
choice-moving,Surfer17@bmm,4855,322,6390,6390,639,NULL,1060760,1060336,1060336,1060336,CANCEL,BUY,1,90,2018-08-17T04:45:48.648,2018-08-17T04:45:48.652
choice-moving,Surfer3@bmm,4841,322,6390,6390,640,NULL,1060761,1060761,1060761,NULL,LIMIT,BUY,1,98,2018-08-17T04:45:49.461,2018-08-17T04:45:49.463
choice-moving,Surfer17@bmm,4855,322,6390,6390,639,NULL,1060762,1060596,1060596,1060596,CANCEL,BUY,1,76,2018-08-17T04:45:49.800,2018-08-17T04:45:49.805
choice-moving,Surfer6@bmm,4844,322,6390,6390,641,NULL,1060763,1060339,1060339,1060339,CANCEL,SELL,1,9,2018-08-17T04:45:51.354,2018-08-17T04:45:51.359
choice-moving,Surfer6@bmm,4844,322,6390,6390,641,NULL,1060764,1060764,1060764,1060553,LIMIT,SELL,1,0,2018-08-17T04:45:52.935,2018-08-17T04:45:52.941
choice-moving,Surfer17@bmm,4855,322,6390,6390,641,NULL,1060765,1060582,1060582,1060582,CANCEL,SELL,1,16,2018-08-17T04:45:55.186,2018-08-17T04:45:55.191
choice-moving,Surfer17@bmm,4855,322,6390,6390,641,NULL,1060766,1060582,1060582,1060766,CANCEL,SELL,1,16,2018-08-17T04:45:55.430,2018-08-17T04:45:55.437
choice-moving,Surfer17@bmm,4855,322,6390,6390,641,NULL,1060767,1060581,1060581,1060581,CANCEL,SELL,1,16,2018-08-17T04:45:56.081,2018-08-17T04:45:56.086
choice-moving,Surfer17@bmm,4855,322,6390,6390,641,NULL,1060768,1060580,1060580,1060580,CANCEL,SELL,1,16,2018-08-17T04:45:56.586,2018-08-17T04:45:56.591
choice-moving,Surfer14@bmm,4852,322,6390,6390,640,NULL,1060769,1060769,1060769,NULL,LIMIT,BUY,1,41,2018-08-17T04:46:00.765,2018-08-17T04:46:00.767
choice-moving,Surfer16@bmm,4854,322,6390,6390,639,NULL,1060770,1060770,1060770,0,LIMIT,SELL,1,3,2018-08-17T04:46:03.050,2018-08-17T04:46:03.058
choice-moving,Surfer16@bmm,4854,322,6390,6390,639,NULL,1060771,1060770,1060770,1060741,LIMIT,SELL,1,100,2018-08-17T04:46:03.055,2018-08-17T04:46:03.059
choice-moving,Surfer16@bmm,4854,322,6390,6390,641,NULL,1060772,1060721,1060721,1060721,CANCEL,SELL,1,6,2018-08-17T04:46:07.605,2018-08-17T04:46:07.609
choice-moving,Surfer16@bmm,4854,322,6390,6390,641,NULL,1060773,1060718,1060718,1060718,CANCEL,SELL,1,6,2018-08-17T04:46:08.607,2018-08-17T04:46:08.611
choice-moving,Surfer16@bmm,4854,322,6390,6390,641,NULL,1060774,1060718,1060718,1060774,CANCEL,SELL,1,6,2018-08-17T04:46:08.863,2018-08-17T04:46:08.867
choice-moving,Surfer16@bmm,4854,322,6390,6390,641,NULL,1060775,1060720,1060720,1060720,CANCEL,SELL,1,6,2018-08-17T04:46:09.478,2018-08-17T04:46:09.482
choice-moving,Surfer16@bmm,4854,322,6390,6390,641,NULL,1060776,1060719,1060719,1060719,CANCEL,SELL,1,6,2018-08-17T04:46:10.635,2018-08-17T04:46:10.639