account,email,owner,marketplace,session,period,market,target,order,original,supplier,consumer,type,side,units,price,createdDate,lastModifiedDate
choice-moving,Surfer10@bmm,4848,320,6388,6388,630,NULL,1059545,1059545,1059545,1059569,LIMIT,BUY,1,70,2018-08-17T04:17:31.285,2018-08-17T04:18:33.145
choice-moving,Surfer10@bmm,4848,320,6388,6388,630,NULL,1059546,1059546,1059546,1059571,LIMIT,BUY,1,70,2018-08-17T04:17:32.480,2018-08-17T04:18:36.340
choice-moving,Surfer18@bmm,4856,320,6388,6388,633,NULL,1059547,1059547,1059547,1059618,LIMIT,SELL,1,60,2018-08-17T04:17:32.751,2018-08-17T04:19:11.050
choice-moving,Surfer10@bmm,4848,320,6388,6388,631,NULL,1059548,1059548,1059548,1059749,LIMIT,BUY,1,60,2018-08-17T04:17:39.290,2018-08-17T04:22:27.207
choice-moving,Surfer15@bmm,4853,320,6388,6388,630,NULL,1059549,1059549,1059549,1059577,LIMIT,BUY,1,50,2018-08-17T04:17:46.170,2018-08-17T04:18:42.144
choice-moving,Surfer18@bmm,4856,320,6388,6388,630,NULL,1059550,1059550,1059550,1059556,LIMIT,BUY,1,80,2018-08-17T04:17:47.018,2018-08-17T04:18:14.913
choice-moving,Surfer15@bmm,4853,320,6388,6388,631,NULL,1059551,1059551,1059551,1059691,LIMIT,BUY,1,61,2018-08-17T04:18:02.399,2018-08-17T04:20:51.963
choice-moving,Surfer6@bmm,4844,320,6388,6388,633,NULL,1059553,1059553,1059553,1059805,LIMIT,SELL,1,50,2018-08-17T04:18:08.886,2018-08-17T04:23:48.594
choice-moving,Surfer7@bmm,4845,320,6388,6388,632,NULL,1059554,1059554,1059554,1059558,LIMIT,SELL,1,50,2018-08-17T04:18:12.038,2018-08-17T04:18:16.766
choice-moving,Surfer19@bmm,4857,320,6388,6388,630,NULL,1059555,1059555,1059555,0,LIMIT,SELL,1,50,2018-08-17T04:18:14.901,2018-08-17T04:18:14.912
choice-moving,Surfer19@bmm,4857,320,6388,6388,630,NULL,1059556,1059555,1059555,1059550,LIMIT,SELL,1,80,2018-08-17T04:18:14.908,2018-08-17T04:18:14.913
choice-moving,Surfer10@bmm,4848,320,6388,6388,633,NULL,1059557,1059557,1059557,1059696,LIMIT,SELL,1,20,2018-08-17T04:18:16.689,2018-08-17T04:20:56.578
choice-moving,Surfer11@bmm,4849,320,6388,6388,632,NULL,1059558,1059558,1059558,1059554,LIMIT,BUY,1,50,2018-08-17T04:18:16.759,2018-08-17T04:18:16.765
choice-moving,Surfer3@bmm,4841,320,6388,6388,630,NULL,1059559,1059559,1059559,1059576,LIMIT,SELL,1,87,2018-08-17T04:18:22.323,2018-08-17T04:18:40.078
choice-moving,Surfer17@bmm,4855,320,6388,6388,630,NULL,1059560,1059560,1059560,NULL,LIMIT,BUY,1,66,2018-08-17T04:18:23.156,2018-08-17T04:18:23.158
choice-moving,Surfer3@bmm,4841,320,6388,6388,630,NULL,1059561,1059561,1059561,1059584,LIMIT,SELL,1,92,2018-08-17T04:18:25.872,2018-08-17T04:18:45.354
choice-moving,Surfer3@bmm,4841,320,6388,6388,630,NULL,1059562,1059562,1059562,1059597,LIMIT,SELL,1,99,2018-08-17T04:18:28.022,2018-08-17T04:18:50.859
choice-moving,Surfer15@bmm,4853,320,6388,6388,632,NULL,1059563,1059563,1059563,1059697,LIMIT,BUY,1,56,2018-08-17T04:18:28.477,2018-08-17T04:20:59.128
choice-moving,Surfer7@bmm,4845,320,6388,6388,630,NULL,1059564,1059564,1059564,NULL,LIMIT,BUY,1,50,2018-08-17T04:18:29.455,2018-08-17T04:18:29.457
choice-moving,Surfer6@bmm,4844,320,6388,6388,632,NULL,1059565,1059565,1059565,1059581,LIMIT,BUY,1,87,2018-08-17T04:18:29.626,2018-08-17T04:18:44.996
choice-moving,Surfer14@bmm,4852,320,6388,6388,633,NULL,1059566,1059566,1059566,NULL,LIMIT,SELL,1,14,2018-08-17T04:18:30.988,2018-08-17T04:18:30.991
choice-moving,Surfer6@bmm,4844,320,6388,6388,632,NULL,1059567,1059567,1059567,1059595,LIMIT,BUY,1,87,2018-08-17T04:18:32.142,2018-08-17T04:18:49.135
choice-moving,Surfer3@bmm,4841,320,6388,6388,630,NULL,1059568,1059568,1059568,1059592,LIMIT,SELL,1,95,2018-08-17T04:18:32.712,2018-08-17T04:18:48.115
choice-moving,Surfer19@bmm,4857,320,6388,6388,630,NULL,1059569,1059569,1059569,1059545,LIMIT,SELL,1,70,2018-08-17T04:18:33.137,2018-08-17T04:18:33.145
choice-moving,Surfer5@bmm,4843,320,6388,6388,630,NULL,1059570,1059570,1059570,0,LIMIT,SELL,1,0,2018-08-17T04:18:36.332,2018-08-17T04:18:36.340
choice-moving,Surfer5@bmm,4843,320,6388,6388,630,NULL,1059571,1059570,1059570,1059546,LIMIT,SELL,1,70,2018-08-17T04:18:36.337,2018-08-17T04:18:36.340
choice-moving,Surfer9@bmm,4847,320,6388,6388,630,NULL,1059573,1059573,1059573,1059575,LIMIT,SELL,1,75,2018-08-17T04:18:37.480,2018-08-17T04:18:38.218
choice-moving,Surfer10@bmm,4848,320,6388,6388,630,NULL,1059574,1059574,1059574,0,LIMIT,BUY,1,87,2018-08-17T04:18:38.208,2018-08-17T04:18:38.217
choice-moving,Surfer10@bmm,4848,320,6388,6388,630,NULL,1059575,1059574,1059574,1059573,LIMIT,BUY,1,75,2018-08-17T04:18:38.214,2018-08-17T04:18:38.218
choice-moving,Surfer10@bmm,4848,320,6388,6388,630,NULL,1059576,1059576,1059576,1059559,LIMIT,BUY,1,87,2018-08-17T04:18:40.071,2018-08-17T04:18:40.077
choice-moving,Surfer15@bmm,4853,320,6388,6388,630,NULL,1059577,1059549,1059549,1059549,CANCEL,BUY,1,50,2018-08-17T04:18:42.139,2018-08-17T04:18:42.144
choice-moving,Surfer12@bmm,4850,320,6388,6388,632,NULL,1059578,1059578,1059578,1059617,LIMIT,BUY,1,50,2018-08-17T04:18:44.119,2018-08-17T04:19:09.177
choice-moving,Surfer3@bmm,4841,320,6388,6388,632,NULL,1059579,1059579,1059579,1059651,LIMIT,BUY,1,80,2018-08-17T04:18:44.535,2018-08-17T04:20:06.938
choice-moving,Surfer1@bmm,4839,320,6388,6388,632,NULL,1059580,1059580,1059580,0,LIMIT,SELL,1,61,2018-08-17T04:18:44.987,2018-08-17T04:18:44.996
choice-moving,Surfer1@bmm,4839,320,6388,6388,632,NULL,1059581,1059580,1059580,1059565,LIMIT,SELL,1,87,2018-08-17T04:18:44.993,2018-08-17T04:18:44.997
choice-moving,Surfer17@bmm,4855,320,6388,6388,632,NULL,1059582,1059582,1059582,1059599,LIMIT,BUY,1,85,2018-08-17T04:18:45.047,2018-08-17T04:18:51.063
choice-moving,Surfer9@bmm,4847,320,6388,6388,630,NULL,1059583,1059583,1059583,NULL,LIMIT,BUY,1,50,2018-08-17T04:18:45.309,2018-08-17T04:18:45.312
choice-moving,Surfer13@bmm,4851,320,6388,6388,630,NULL,1059584,1059584,1059584,1059561,LIMIT,BUY,1,92,2018-08-17T04:18:45.348,2018-08-17T04:18:45.354
choice-moving,Surfer17@bmm,4855,320,6388,6388,632,NULL,1059585,1059585,1059585,1059604,LIMIT,BUY,1,85,2018-08-17T04:18:45.728,2018-08-17T04:18:58.406
choice-moving,Surfer4@bmm,4842,320,6388,6388,630,NULL,1059586,1059586,1059586,NULL,LIMIT,BUY,1,82,2018-08-17T04:18:46.375,2018-08-17T04:18:46.377
choice-moving,Surfer3@bmm,4841,320,6388,6388,632,NULL,1059587,1059587,1059587,1059626,LIMIT,BUY,1,85,2018-08-17T04:18:46.870,2018-08-17T04:19:27.895
choice-moving,Surfer17@bmm,4855,320,6388,6388,632,NULL,1059588,1059588,1059588,1059648,LIMIT,BUY,1,85,2018-08-17T04:18:46.992,2018-08-17T04:20:04.191
choice-moving,Surfer16@bmm,4854,320,6388,6388,630,NULL,1059589,1059589,1059589,NULL,LIMIT,BUY,1,66,2018-08-17T04:18:47.027,2018-08-17T04:18:47.030
choice-moving,Surfer12@bmm,4850,320,6388,6388,632,NULL,1059590,1059590,1059590,1059616,LIMIT,BUY,1,50,2018-08-17T04:18:47.100,2018-08-17T04:19:08.412
choice-moving,Surfer16@bmm,4854,320,6388,6388,630,NULL,1059591,1059591,1059591,NULL,LIMIT,BUY,1,66,2018-08-17T04:18:47.272,2018-08-17T04:18:47.275
choice-moving,Surfer11@bmm,4849,320,6388,6388,630,NULL,1059592,1059592,1059592,1059568,LIMIT,BUY,1,95,2018-08-17T04:18:48.108,2018-08-17T04:18:48.115
choice-moving,Surfer3@bmm,4841,320,6388,6388,632,NULL,1059593,1059593,1059593,1059655,LIMIT,BUY,1,74,2018-08-17T04:18:48.791,2018-08-17T04:20:16.962
choice-moving,Surfer1@bmm,4839,320,6388,6388,632,NULL,1059594,1059594,1059594,0,LIMIT,SELL,1,61,2018-08-17T04:18:49.126,2018-08-17T04:18:49.135
choice-moving,Surfer1@bmm,4839,320,6388,6388,632,NULL,1059595,1059594,1059594,1059567,LIMIT,SELL,1,87,2018-08-17T04:18:49.131,2018-08-17T04:18:49.135
choice-moving,Surfer15@bmm,4853,320,6388,6388,630,NULL,1059596,1059596,1059596,1059761,LIMIT,BUY,1,78,2018-08-17T04:18:50.647,2018-08-17T04:22:45.265
choice-moving,Surfer11@bmm,4849,320,6388,6388,630,NULL,1059597,1059597,1059597,1059562,LIMIT,BUY,1,99,2018-08-17T04:18:50.853,2018-08-17T04:18:50.859
choice-moving,Surfer1@bmm,4839,320,6388,6388,632,NULL,1059598,1059598,1059598,0,LIMIT,SELL,1,61,2018-08-17T04:18:51.052,2018-08-17T04:18:51.063
choice-moving,Surfer1@bmm,4839,320,6388,6388,632,NULL,1059599,1059598,1059598,1059582,LIMIT,SELL,1,85,2018-08-17T04:18:51.059,2018-08-17T04:18:51.063
choice-moving,Surfer12@bmm,4850,320,6388,6388,632,NULL,1059600,1059600,1059600,1059613,LIMIT,BUY,1,50,2018-08-17T04:18:52.230,2018-08-17T04:19:05.011
choice-moving,Surfer6@bmm,4844,320,6388,6388,630,NULL,1059601,1059601,1059601,1059725,LIMIT,BUY,1,85,2018-08-17T04:18:54.571,2018-08-17T04:21:46.035
choice-moving,Surfer3@bmm,4841,320,6388,6388,632,NULL,1059602,1059602,1059602,1059763,LIMIT,BUY,1,70,2018-08-17T04:18:57.575,2018-08-17T04:22:50.915
choice-moving,Surfer1@bmm,4839,320,6388,6388,632,NULL,1059603,1059603,1059603,0,LIMIT,SELL,1,61,2018-08-17T04:18:58.398,2018-08-17T04:18:58.406
choice-moving,Surfer1@bmm,4839,320,6388,6388,632,NULL,1059604,1059603,1059603,1059585,LIMIT,SELL,1,85,2018-08-17T04:18:58.403,2018-08-17T04:18:58.406
choice-moving,Surfer17@bmm,4855,320,6388,6388,631,NULL,1059605,1059605,1059605,1059664,LIMIT,BUY,1,67,2018-08-17T04:19:00.433,2018-08-17T04:20:27.846
choice-moving,Surfer17@bmm,4855,320,6388,6388,631,NULL,1059606,1059606,1059606,1059660,LIMIT,BUY,1,67,2018-08-17T04:19:01.092,2018-08-17T04:20:23.377
choice-moving,Surfer17@bmm,4855,320,6388,6388,631,NULL,1059607,1059607,1059607,1059658,LIMIT,BUY,1,67,2018-08-17T04:19:02.513,2018-08-17T04:20:21.714
choice-moving,Surfer4@bmm,4842,320,6388,6388,633,NULL,1059608,1059608,1059608,NULL,LIMIT,SELL,1,11,2018-08-17T04:19:02.624,2018-08-17T04:19:02.627
choice-moving,Surfer18@bmm,4856,320,6388,6388,631,NULL,1059609,1059609,1059609,1059770,LIMIT,BUY,1,80,2018-08-17T04:19:03.738,2018-08-17T04:22:58.570
choice-moving,Surfer4@bmm,4842,320,6388,6388,633,NULL,1059610,1059610,1059610,NULL,LIMIT,SELL,1,11,2018-08-17T04:19:04.262,2018-08-17T04:19:04.265
choice-moving,Surfer4@bmm,4842,320,6388,6388,633,NULL,1059611,1059611,1059611,NULL,LIMIT,SELL,1,11,2018-08-17T04:19:04.518,2018-08-17T04:19:04.521
choice-moving,Surfer4@bmm,4842,320,6388,6388,633,NULL,1059612,1059612,1059612,NULL,LIMIT,SELL,1,11,2018-08-17T04:19:04.946,2018-08-17T04:19:04.948
choice-moving,Surfer12@bmm,4850,320,6388,6388,632,NULL,1059613,1059600,1059600,1059600,CANCEL,BUY,1,50,2018-08-17T04:19:05.006,2018-08-17T04:19:05.011
choice-moving,Surfer14@bmm,4852,320,6388,6388,630,NULL,1059614,1059614,1059614,NULL,LIMIT,BUY,1,32,2018-08-17T04:19:07.157,2018-08-17T04:19:07.160
choice-moving,Surfer17@bmm,4855,320,6388,6388,630,NULL,1059615,1059615,1059615,NULL,LIMIT,BUY,1,50,2018-08-17T04:19:08.356,2018-08-17T04:19:08.358
choice-moving,Surfer12@bmm,4850,320,6388,6388,632,NULL,1059616,1059590,1059590,1059590,CANCEL,BUY,1,50,2018-08-17T04:19:08.407,2018-08-17T04:19:08.412
choice-moving,Surfer12@bmm,4850,320,6388,6388,632,NULL,1059617,1059578,1059578,1059578,CANCEL,BUY,1,50,2018-08-17T04:19:09.170,2018-08-17T04:19:09.177
choice-moving,Surfer18@bmm,4856,320,6388,6388,633,NULL,1059618,1059547,1059547,1059547,CANCEL,SELL,1,60,2018-08-17T04:19:11.042,2018-08-17T04:19:11.050
choice-moving,Surfer6@bmm,4844,320,6388,6388,633,NULL,1059619,1059619,1059619,1059806,LIMIT,SELL,1,40,2018-08-17T04:19:12.903,2018-08-17T04:23:49.362
choice-moving,Surfer17@bmm,4855,320,6388,6388,630,NULL,1059620,1059620,1059620,NULL,LIMIT,BUY,1,76,2018-08-17T04:19:12.969,2018-08-17T04:19:12.972
choice-moving,Surfer9@bmm,4847,320,6388,6388,631,NULL,1059621,1059621,1059621,NULL,LIMIT,BUY,3,67,2018-08-17T04:19:15.458,2018-08-17T04:19:15.460
choice-moving,Surfer12@bmm,4850,320,6388,6388,631,NULL,1059622,1059622,1059622,NULL,LIMIT,BUY,1,88,2018-08-17T04:19:17.854,2018-08-17T04:19:17.856
choice-moving,Surfer12@bmm,4850,320,6388,6388,631,NULL,1059623,1059623,1059623,NULL,LIMIT,BUY,1,88,2018-08-17T04:19:20.954,2018-08-17T04:19:20.957
choice-moving,Surfer18@bmm,4856,320,6388,6388,630,NULL,1059624,1059624,1059624,1059747,LIMIT,SELL,1,100,2018-08-17T04:19:21.392,2018-08-17T04:22:21.713
choice-moving,Surfer9@bmm,4847,320,6388,6388,631,NULL,1059625,1059625,1059625,1059629,LIMIT,BUY,1,75,2018-08-17T04:19:25.641,2018-08-17T04:19:30.958
choice-moving,Surfer7@bmm,4845,320,6388,6388,632,NULL,1059626,1059626,1059626,1059587,LIMIT,SELL,1,85,2018-08-17T04:19:27.885,2018-08-17T04:19:27.894
choice-moving,Surfer5@bmm,4843,320,6388,6388,630,NULL,1059627,1059627,1059627,1059794,LIMIT,BUY,1,0,2018-08-17T04:19:28.602,2018-08-17T04:23:22.765
choice-moving,Surfer18@bmm,4856,320,6388,6388,631,NULL,1059628,1059628,1059628,1059672,LIMIT,SELL,1,100,2018-08-17T04:19:28.915,2018-08-17T04:20:35.727
choice-moving,Surfer9@bmm,4847,320,6388,6388,631,NULL,1059629,1059625,1059625,1059625,CANCEL,BUY,1,75,2018-08-17T04:19:30.953,2018-08-17T04:19:30.958
choice-moving,Surfer18@bmm,4856,320,6388,6388,632,NULL,1059630,1059630,1059630,1059633,LIMIT,BUY,1,90,2018-08-17T04:19:39.169,2018-08-17T04:19:40.548
choice-moving,Surfer5@bmm,4843,320,6388,6388,630,NULL,1059631,1059631,1059631,1059793,LIMIT,BUY,1,0,2018-08-17T04:19:39.278,2018-08-17T04:23:22.365
choice-moving,Surfer17@bmm,4855,320,6388,6388,632,NULL,1059632,1059632,1059632,0,LIMIT,SELL,1,89,2018-08-17T04:19:40.539,2018-08-17T04:19:40.547
choice-moving,Surfer17@bmm,4855,320,6388,6388,632,NULL,1059633,1059632,1059632,1059630,LIMIT,SELL,1,90,2018-08-17T04:19:40.544,2018-08-17T04:19:40.548
choice-moving,Surfer10@bmm,4848,320,6388,6388,630,NULL,1059634,1059634,1059634,1059843,LIMIT,BUY,1,0,2018-08-17T04:19:40.905,2018-08-17T04:24:40.344
choice-moving,Surfer17@bmm,4855,320,6388,6388,632,NULL,1059635,1059635,1059635,1059637,LIMIT,SELL,1,89,2018-08-17T04:19:42.858,2018-08-17T04:19:47.248
choice-moving,Surfer12@bmm,4850,320,6388,6388,633,NULL,1059636,1059636,1059636,NULL,LIMIT,SELL,1,10,2018-08-17T04:19:45.826,2018-08-17T04:19:45.829
choice-moving,Surfer18@bmm,4856,320,6388,6388,632,NULL,1059637,1059637,1059637,1059635,LIMIT,BUY,1,89,2018-08-17T04:19:47.243,2018-08-17T04:19:47.248
choice-moving,Surfer17@bmm,4855,320,6388,6388,632,NULL,1059638,1059638,1059638,1059641,LIMIT,SELL,1,89,2018-08-17T04:19:49.357,2018-08-17T04:19:53.617
choice-moving,Surfer9@bmm,4847,320,6388,6388,631,NULL,1059639,1059639,1059639,NULL,LIMIT,BUY,6,67,2018-08-17T04:19:51.203,2018-08-17T04:19:51.206
choice-moving,Surfer14@bmm,4852,320,6388,6388,630,NULL,1059640,1059640,1059640,1059689,LIMIT,BUY,1,88,2018-08-17T04:19:53.355,2018-08-17T04:20:49.908
choice-moving,Surfer11@bmm,4849,320,6388,6388,632,NULL,1059641,1059641,1059641,1059638,LIMIT,BUY,1,89,2018-08-17T04:19:53.610,2018-08-17T04:19:53.616
choice-moving,Surfer6@bmm,4844,320,6388,6388,632,NULL,1059642,1059642,1059642,1059645,LIMIT,BUY,1,89,2018-08-17T04:19:56.170,2018-08-17T04:20:00.446
choice-moving,Surfer14@bmm,4852,320,6388,6388,630,NULL,1059643,1059643,1059643,1059686,LIMIT,BUY,1,91,2018-08-17T04:19:59.436,2018-08-17T04:20:48.614
choice-moving,Surfer5@bmm,4843,320,6388,6388,632,NULL,1059644,1059644,1059644,0,LIMIT,SELL,1,0,2018-08-17T04:20:00.434,2018-08-17T04:20:00.445
choice-moving,Surfer5@bmm,4843,320,6388,6388,632,NULL,1059645,1059644,1059644,1059642,LIMIT,SELL,1,89,2018-08-17T04:20:00.441,2018-08-17T04:20:00.446
choice-moving,Surfer3@bmm,4841,320,6388,6388,631,NULL,1059646,1059646,1059646,1059681,LIMIT,BUY,1,89,2018-08-17T04:20:00.544,2018-08-17T04:20:45.424
choice-moving,Surfer17@bmm,4855,320,6388,6388,632,NULL,1059647,1059647,1059647,0,LIMIT,SELL,1,80,2018-08-17T04:20:04.178,2018-08-17T04:20:04.186
choice-moving,Surfer17@bmm,4855,320,6388,6388,632,NULL,1059648,1059647,1059647,1059588,LIMIT,SELL,1,85,2018-08-17T04:20:04.183,2018-08-17T04:20:04.186
choice-moving,Surfer12@bmm,4850,320,6388,6388,633,NULL,1059649,1059649,1059649,NULL,LIMIT,SELL,1,10,2018-08-17T04:20:04.217,2018-08-17T04:20:04.220
choice-moving,Surfer19@bmm,4857,320,6388,6388,632,NULL,1059650,1059650,1059650,0,LIMIT,SELL,1,50,2018-08-17T04:20:06.929,2018-08-17T04:20:06.938
choice-moving,Surfer19@bmm,4857,320,6388,6388,632,NULL,1059651,1059650,1059650,1059579,LIMIT,SELL,1,80,2018-08-17T04:20:06.934,2018-08-17T04:20:06.938
choice-moving,Surfer6@bmm,4844,320,6388,6388,633,NULL,1059652,1059652,1059652,1059814,LIMIT,SELL,1,25,2018-08-17T04:20:09.947,2018-08-17T04:24:01.361
choice-moving,Surfer14@bmm,4852,320,6388,6388,630,NULL,1059653,1059653,1059653,1059662,LIMIT,BUY,1,99,2018-08-17T04:20:11.667,2018-08-17T04:20:23.831
choice-moving,Surfer18@bmm,4856,320,6388,6388,633,NULL,1059654,1059654,1059654,1059800,LIMIT,SELL,1,10,2018-08-17T04:20:15.465,2018-08-17T04:23:38.148
choice-moving,Surfer19@bmm,4857,320,6388,6388,632,NULL,1059655,1059655,1059655,1059593,LIMIT,SELL,1,74,2018-08-17T04:20:16.957,2018-08-17T04:20:16.962
choice-moving,Surfer16@bmm,4854,320,6388,6388,633,NULL,1059656,1059656,1059656,1059720,LIMIT,SELL,1,4,2018-08-17T04:20:17.417,2018-08-17T04:21:43.374
choice-moving,Surfer17@bmm,4855,320,6388,6388,631,NULL,1059658,1059607,1059607,1059607,CANCEL,BUY,1,67,2018-08-17T04:20:21.710,2018-08-17T04:20:21.714
choice-moving,Surfer2@bmm,4840,320,6388,6388,633,NULL,1059659,1059659,1059659,NULL,LIMIT,SELL,1,30,2018-08-17T04:20:21.834,2018-08-17T04:20:21.837
choice-moving,Surfer17@bmm,4855,320,6388,6388,631,NULL,1059660,1059606,1059606,1059606,CANCEL,BUY,1,67,2018-08-17T04:20:23.373,2018-08-17T04:20:23.377
choice-moving,Surfer1@bmm,4839,320,6388,6388,630,NULL,1059661,1059661,1059661,0,LIMIT,SELL,1,63,2018-08-17T04:20:23.823,2018-08-17T04:20:23.831
choice-moving,Surfer1@bmm,4839,320,6388,6388,630,NULL,1059662,1059661,1059661,1059653,LIMIT,SELL,1,99,2018-08-17T04:20:23.828,2018-08-17T04:20:23.832
choice-moving,Surfer18@bmm,4856,320,6388,6388,632,NULL,1059663,1059663,1059663,1059783,LIMIT,BUY,1,80,2018-08-17T04:20:24.409,2018-08-17T04:23:17.181
choice-moving,Surfer17@bmm,4855,320,6388,6388,631,NULL,1059664,1059605,1059605,1059605,CANCEL,BUY,1,67,2018-08-17T04:20:27.839,2018-08-17T04:20:27.845
choice-moving,Surfer10@bmm,4848,320,6388,6388,632,NULL,1059665,1059665,1059665,1059669,LIMIT,BUY,1,90,2018-08-17T04:20:28.355,2018-08-17T04:20:30.522
choice-moving,Surfer16@bmm,4854,320,6388,6388,633,NULL,1059666,1059666,1059666,1059842,LIMIT,SELL,1,7,2018-08-17T04:20:28.650,2018-08-17T04:24:40.192
choice-moving,Surfer13@bmm,4851,320,6388,6388,632,NULL,1059667,1059667,1059667,1059834,LIMIT,SELL,1,100,2018-08-17T04:20:30.167,2018-08-17T04:24:33.219
choice-moving,Surfer5@bmm,4843,320,6388,6388,632,NULL,1059668,1059668,1059668,0,LIMIT,SELL,1,0,2018-08-17T04:20:30.513,2018-08-17T04:20:30.521
choice-moving,Surfer5@bmm,4843,320,6388,6388,632,NULL,1059669,1059668,1059668,1059665,LIMIT,SELL,1,90,2018-08-17T04:20:30.518,2018-08-17T04:20:30.522
choice-moving,Surfer2@bmm,4840,320,6388,6388,633,NULL,1059670,1059670,1059670,NULL,LIMIT,SELL,1,71,2018-08-17T04:20:30.821,2018-08-17T04:20:30.824
choice-moving,Surfer15@bmm,4853,320,6388,6388,631,NULL,1059671,1059671,1059671,1059731,LIMIT,BUY,1,95,2018-08-17T04:20:35.066,2018-08-17T04:21:56.257
choice-moving,Surfer17@bmm,4855,320,6388,6388,631,NULL,1059672,1059672,1059672,1059628,LIMIT,BUY,1,100,2018-08-17T04:20:35.720,2018-08-17T04:20:35.726
choice-moving,Surfer16@bmm,4854,320,6388,6388,632,NULL,1059673,1059673,1059673,NULL,LIMIT,BUY,1,80,2018-08-17T04:20:36.259,2018-08-17T04:20:36.262
choice-moving,Surfer14@bmm,4852,320,6388,6388,632,NULL,1059674,1059674,1059674,1059679,LIMIT,BUY,1,90,2018-08-17T04:20:36.562,2018-08-17T04:20:40.577
choice-moving,Surfer2@bmm,4840,320,6388,6388,633,NULL,1059675,1059675,1059675,NULL,LIMIT,SELL,1,71,2018-08-17T04:20:36.828,2018-08-17T04:20:36.831
choice-moving,Surfer10@bmm,4848,320,6388,6388,631,NULL,1059676,1059676,1059676,1059817,LIMIT,BUY,1,90,2018-08-17T04:20:39.449,2018-08-17T04:24:07.712
choice-moving,Surfer16@bmm,4854,320,6388,6388,632,NULL,1059677,1059677,1059677,NULL,LIMIT,BUY,1,70,2018-08-17T04:20:40.447,2018-08-17T04:20:40.450
choice-moving,Surfer5@bmm,4843,320,6388,6388,632,NULL,1059678,1059678,1059678,0,LIMIT,SELL,1,0,2018-08-17T04:20:40.569,2018-08-17T04:20:40.577
choice-moving,Surfer5@bmm,4843,320,6388,6388,632,NULL,1059679,1059678,1059678,1059674,LIMIT,SELL,1,90,2018-08-17T04:20:40.573,2018-08-17T04:20:40.577
choice-moving,Surfer2@bmm,4840,320,6388,6388,633,NULL,1059680,1059680,1059680,NULL,LIMIT,SELL,1,71,2018-08-17T04:20:42.180,2018-08-17T04:20:42.183
choice-moving,Surfer3@bmm,4841,320,6388,6388,631,NULL,1059681,1059646,1059646,1059646,CANCEL,BUY,1,89,2018-08-17T04:20:45.417,2018-08-17T04:20:45.424
choice-moving,Surfer18@bmm,4856,320,6388,6388,632,NULL,1059682,1059682,1059682,1059684,LIMIT,BUY,1,90,2018-08-17T04:20:45.439,2018-08-17T04:20:46.246
choice-moving,Surfer5@bmm,4843,320,6388,6388,632,NULL,1059683,1059683,1059683,0,LIMIT,SELL,1,0,2018-08-17T04:20:46.237,2018-08-17T04:20:46.246
choice-moving,Surfer5@bmm,4843,320,6388,6388,632,NULL,1059684,1059683,1059683,1059682,LIMIT,SELL,1,90,2018-08-17T04:20:46.243,2018-08-17T04:20:46.246
choice-moving,Surfer1@bmm,4839,320,6388,6388,630,NULL,1059685,1059685,1059685,0,LIMIT,SELL,1,90,2018-08-17T04:20:48.606,2018-08-17T04:20:48.614
choice-moving,Surfer1@bmm,4839,320,6388,6388,630,NULL,1059686,1059685,1059685,1059643,LIMIT,SELL,1,91,2018-08-17T04:20:48.611,2018-08-17T04:20:48.614
choice-moving,Surfer16@bmm,4854,320,6388,6388,632,NULL,1059687,1059687,1059687,NULL,LIMIT,BUY,1,56,2018-08-17T04:20:48.813,2018-08-17T04:20:48.816
choice-moving,Surfer9@bmm,4847,320,6388,6388,630,NULL,1059688,1059688,1059688,0,LIMIT,SELL,1,86,2018-08-17T04:20:49.899,2018-08-17T04:20:49.908
choice-moving,Surfer9@bmm,4847,320,6388,6388,630,NULL,1059689,1059688,1059688,1059640,LIMIT,SELL,1,88,2018-08-17T04:20:49.905,2018-08-17T04:20:49.908
choice-moving,Surfer2@bmm,4840,320,6388,6388,632,NULL,1059690,1059690,1059690,NULL,LIMIT,BUY,1,43,2018-08-17T04:20:50.134,2018-08-17T04:20:50.137
choice-moving,Surfer15@bmm,4853,320,6388,6388,631,NULL,1059691,1059551,1059551,1059551,CANCEL,BUY,1,61,2018-08-17T04:20:51.959,2018-08-17T04:20:51.963
choice-moving,Surfer5@bmm,4843,320,6388,6388,630,NULL,1059692,1059692,1059692,1059791,LIMIT,BUY,1,0,2018-08-17T04:20:52.077,2018-08-17T04:23:21.749
choice-moving,Surfer17@bmm,4855,320,6388,6388,630,NULL,1059693,1059693,1059693,1059719,LIMIT,SELL,1,100,2018-08-17T04:20:54.158,2018-08-17T04:21:35.235
choice-moving,Surfer16@bmm,4854,320,6388,6388,632,NULL,1059694,1059694,1059694,NULL,LIMIT,BUY,1,56,2018-08-17T04:20:55.085,2018-08-17T04:20:55.087
choice-moving,Surfer3@bmm,4841,320,6388,6388,632,NULL,1059695,1059695,1059695,1059712,LIMIT,BUY,1,81,2018-08-17T04:20:55.715,2018-08-17T04:21:11.748
choice-moving,Surfer10@bmm,4848,320,6388,6388,633,NULL,1059696,1059557,1059557,1059557,CANCEL,SELL,1,20,2018-08-17T04:20:56.574,2018-08-17T04:20:56.578
choice-moving,Surfer15@bmm,4853,320,6388,6388,632,NULL,1059697,1059563,1059563,1059563,CANCEL,BUY,1,56,2018-08-17T04:20:59.123,2018-08-17T04:20:59.128
choice-moving,Surfer2@bmm,4840,320,6388,6388,632,NULL,1059698,1059698,1059698,1059701,LIMIT,BUY,1,97,2018-08-17T04:21:00.532,2018-08-17T04:21:01.944
choice-moving,Surfer16@bmm,4854,320,6388,6388,632,NULL,1059699,1059699,1059699,NULL,LIMIT,BUY,1,43,2018-08-17T04:21:01.463,2018-08-17T04:21:01.465
choice-moving,Surfer19@bmm,4857,320,6388,6388,632,NULL,1059700,1059700,1059700,0,LIMIT,SELL,1,80,2018-08-17T04:21:01.935,2018-08-17T04:21:01.944
choice-moving,Surfer19@bmm,4857,320,6388,6388,632,NULL,1059701,1059700,1059700,1059698,LIMIT,SELL,1,97,2018-08-17T04:21:01.940,2018-08-17T04:21:01.944
choice-moving,Surfer5@bmm,4843,320,6388,6388,630,NULL,1059702,1059702,1059702,1059788,LIMIT,BUY,1,0,2018-08-17T04:21:02.068,2018-08-17T04:23:20.974
choice-moving,Surfer15@bmm,4853,320,6388,6388,632,NULL,1059703,1059703,1059703,1059705,LIMIT,SELL,1,83,2018-08-17T04:21:02.464,2018-08-17T04:21:04.152
choice-moving,Surfer18@bmm,4856,320,6388,6388,632,NULL,1059704,1059704,1059704,0,LIMIT,BUY,1,85,2018-08-17T04:21:04.144,2018-08-17T04:21:04.152
choice-moving,Surfer18@bmm,4856,320,6388,6388,632,NULL,1059705,1059704,1059704,1059703,LIMIT,BUY,1,83,2018-08-17T04:21:04.148,2018-08-17T04:21:04.152
choice-moving,Surfer5@bmm,4843,320,6388,6388,630,NULL,1059706,1059706,1059706,1059786,LIMIT,BUY,1,0,2018-08-17T04:21:05.465,2018-08-17T04:23:20.359
choice-moving,Surfer2@bmm,4840,320,6388,6388,631,NULL,1059707,1059707,1059707,NULL,LIMIT,BUY,1,65,2018-08-17T04:21:07.380,2018-08-17T04:21:07.383
choice-moving,Surfer7@bmm,4845,320,6388,6388,632,NULL,1059708,1059708,1059708,NULL,LIMIT,BUY,1,45,2018-08-17T04:21:08.069,2018-08-17T04:21:08.072
choice-moving,Surfer18@bmm,4856,320,6388,6388,632,NULL,1059709,1059709,1059709,1059711,LIMIT,BUY,1,85,2018-08-17T04:21:10.105,2018-08-17T04:21:11.547
choice-moving,Surfer17@bmm,4855,320,6388,6388,632,NULL,1059710,1059710,1059710,0,LIMIT,SELL,1,80,2018-08-17T04:21:11.539,2018-08-17T04:21:11.547
choice-moving,Surfer17@bmm,4855,320,6388,6388,632,NULL,1059711,1059710,1059710,1059709,LIMIT,SELL,1,85,2018-08-17T04:21:11.544,2018-08-17T04:21:11.547
choice-moving,Surfer19@bmm,4857,320,6388,6388,632,NULL,1059712,1059712,1059712,1059695,LIMIT,SELL,1,81,2018-08-17T04:21:11.742,2018-08-17T04:21:11.748
choice-moving,Surfer2@bmm,4840,320,6388,6388,630,NULL,1059713,1059713,1059713,NULL,LIMIT,BUY,1,60,2018-08-17T04:21:15.955,2018-08-17T04:21:15.957
choice-moving,Surfer9@bmm,4847,320,6388,6388,630,NULL,1059714,1059714,1059714,1059716,LIMIT,SELL,1,99,2018-08-17T04:21:17.042,2018-08-17T04:21:18.727
choice-moving,Surfer8@bmm,4846,320,6388,6388,630,NULL,1059715,1059715,1059715,0,LIMIT,BUY,1,100,2018-08-17T04:21:18.718,2018-08-17T04:21:18.727
choice-moving,Surfer8@bmm,4846,320,6388,6388,630,NULL,1059716,1059715,1059715,1059714,LIMIT,BUY,1,99,2018-08-17T04:21:18.723,2018-08-17T04:21:18.727
choice-moving,Surfer17@bmm,4855,320,6388,6388,631,NULL,1059717,1059717,1059717,1059821,LIMIT,BUY,1,80,2018-08-17T04:21:26.810,2018-08-17T04:24:15.108
choice-moving,Surfer3@bmm,4841,320,6388,6388,630,NULL,1059718,1059718,1059718,1059723,LIMIT,BUY,1,88,2018-08-17T04:21:28.494,2018-08-17T04:21:43.732
choice-moving,Surfer17@bmm,4855,320,6388,6388,630,NULL,1059719,1059693,1059693,1059693,CANCEL,SELL,1,100,2018-08-17T04:21:35.230,2018-08-17T04:21:35.234
choice-moving,Surfer7@bmm,4845,320,6388,6388,633,NULL,1059720,1059720,1059720,1059656,LIMIT,BUY,1,4,2018-08-17T04:21:43.368,2018-08-17T04:21:43.374
choice-moving,Surfer3@bmm,4841,320,6388,6388,632,NULL,1059721,1059721,1059721,1059727,LIMIT,BUY,1,83,2018-08-17T04:21:43.652,2018-08-17T04:21:49.484
choice-moving,Surfer17@bmm,4855,320,6388,6388,630,NULL,1059722,1059722,1059722,0,LIMIT,SELL,1,80,2018-08-17T04:21:43.722,2018-08-17T04:21:43.732
choice-moving,Surfer17@bmm,4855,320,6388,6388,630,NULL,1059723,1059722,1059722,1059718,LIMIT,SELL,1,88,2018-08-17T04:21:43.727,2018-08-17T04:21:43.732
choice-moving,Surfer17@bmm,4855,320,6388,6388,630,NULL,1059724,1059724,1059724,0,LIMIT,SELL,1,80,2018-08-17T04:21:46.025,2018-08-17T04:21:46.035
choice-moving,Surfer17@bmm,4855,320,6388,6388,630,NULL,1059725,1059724,1059724,1059601,LIMIT,SELL,1,85,2018-08-17T04:21:46.031,2018-08-17T04:21:46.035
choice-moving,Surfer9@bmm,4847,320,6388,6388,632,NULL,1059726,1059726,1059726,0,LIMIT,SELL,1,75,2018-08-17T04:21:49.475,2018-08-17T04:21:49.484
choice-moving,Surfer9@bmm,4847,320,6388,6388,632,NULL,1059727,1059726,1059726,1059721,LIMIT,SELL,1,83,2018-08-17T04:21:49.480,2018-08-17T04:21:49.484
choice-moving,Surfer10@bmm,4848,320,6388,6388,633,NULL,1059728,1059728,1059728,1059752,LIMIT,SELL,4,2,2018-08-17T04:21:49.760,2018-08-17T04:22:34.641
choice-moving,Surfer6@bmm,4844,320,6388,6388,632,NULL,1059729,1059729,1059729,1059735,LIMIT,BUY,1,85,2018-08-17T04:21:51.859,2018-08-17T04:22:02.317
choice-moving,Surfer18@bmm,4856,320,6388,6388,633,NULL,1059730,1059730,1059730,1059823,LIMIT,SELL,1,4,2018-08-17T04:21:54.276,2018-08-17T04:24:18.926
choice-moving,Surfer15@bmm,4853,320,6388,6388,631,NULL,1059731,1059671,1059671,1059671,CANCEL,BUY,1,95,2018-08-17T04:21:56.252,2018-08-17T04:21:56.256
choice-moving,Surfer3@bmm,4841,320,6388,6388,630,NULL,1059732,1059732,1059732,1059874,LIMIT,BUY,1,84,2018-08-17T04:21:58.885,2018-08-17T04:25:16.430
choice-moving,Surfer11@bmm,4849,320,6388,6388,630,NULL,1059733,1059733,1059733,1059776,LIMIT,BUY,1,89,2018-08-17T04:22:01.109,2018-08-17T04:23:09.016
choice-moving,Surfer17@bmm,4855,320,6388,6388,632,NULL,1059734,1059734,1059734,0,LIMIT,SELL,1,80,2018-08-17T04:22:02.308,2018-08-17T04:22:02.317
choice-moving,Surfer17@bmm,4855,320,6388,6388,632,NULL,1059735,1059734,1059734,1059729,LIMIT,SELL,1,85,2018-08-17T04:22:02.313,2018-08-17T04:22:02.317
choice-moving,Surfer9@bmm,4847,320,6388,6388,630,NULL,1059736,1059736,1059736,NULL,LIMIT,BUY,3,50,2018-08-17T04:22:02.756,2018-08-17T04:22:02.759
choice-moving,Surfer12@bmm,4850,320,6388,6388,632,NULL,1059737,1059737,1059737,1059936,LIMIT,BUY,1,90,2018-08-17T04:22:04.901,2018-08-17T04:26:41.894
choice-moving,Surfer12@bmm,4850,320,6388,6388,632,NULL,1059738,1059738,1059738,1059940,LIMIT,BUY,1,90,2018-08-17T04:22:06.440,2018-08-17T04:26:44.116
choice-moving,Surfer18@bmm,4856,320,6388,6388,630,NULL,1059739,1059739,1059739,1059841,LIMIT,BUY,1,90,2018-08-17T04:22:09.107,2018-08-17T04:24:37.950
choice-moving,Surfer16@bmm,4854,320,6388,6388,632,NULL,1059740,1059740,1059740,NULL,LIMIT,BUY,1,43,2018-08-17T04:22:09.780,2018-08-17T04:22:09.783
choice-moving,Surfer6@bmm,4844,320,6388,6388,633,NULL,1059741,1059741,1059741,1059926,LIMIT,SELL,1,20,2018-08-17T04:22:10.634,2018-08-17T04:26:19.204
choice-moving,Surfer9@bmm,4847,320,6388,6388,630,NULL,1059742,1059742,1059742,NULL,LIMIT,BUY,3,50,2018-08-17T04:22:10.795,2018-08-17T04:22:10.798
choice-moving,Surfer7@bmm,4845,320,6388,6388,633,NULL,1059743,1059743,1059743,NULL,LIMIT,SELL,1,10,2018-08-17T04:22:14.074,2018-08-17T04:22:14.077
choice-moving,Surfer15@bmm,4853,320,6388,6388,630,NULL,1059744,1059744,1059744,1059816,LIMIT,SELL,1,100,2018-08-17T04:22:15.088,2018-08-17T04:24:05.211
choice-moving,Surfer11@bmm,4849,320,6388,6388,631,NULL,1059745,1059745,1059745,1059855,LIMIT,BUY,1,91,2018-08-17T04:22:16.314,2018-08-17T04:24:51.317
choice-moving,Surfer10@bmm,4848,320,6388,6388,631,NULL,1059746,1059746,1059746,1059760,LIMIT,BUY,1,91,2018-08-17T04:22:19.584,2018-08-17T04:22:45.221
choice-moving,Surfer18@bmm,4856,320,6388,6388,630,NULL,1059747,1059624,1059624,1059624,CANCEL,SELL,1,100,2018-08-17T04:22:21.707,2018-08-17T04:22:21.712
choice-moving,Surfer11@bmm,4849,320,6388,6388,632,NULL,1059748,1059748,1059748,1059844,LIMIT,BUY,1,93,2018-08-17T04:22:25.270,2018-08-17T04:24:40.655
choice-moving,Surfer10@bmm,4848,320,6388,6388,631,NULL,1059749,1059548,1059548,1059548,CANCEL,BUY,1,60,2018-08-17T04:22:27.196,2018-08-17T04:22:27.207
choice-moving,Surfer6@bmm,4844,320,6388,6388,630,NULL,1059750,1059750,1059750,NULL,LIMIT,BUY,1,92,2018-08-17T04:22:28.688,2018-08-17T04:22:28.690
choice-moving,Surfer2@bmm,4840,320,6388,6388,631,NULL,1059751,1059751,1059751,NULL,LIMIT,BUY,1,11,2018-08-17T04:22:30.573,2018-08-17T04:22:30.575
choice-moving,Surfer13@bmm,4851,320,6388,6388,633,NULL,1059752,1059752,1059752,1059728,LIMIT,BUY,4,2,2018-08-17T04:22:34.636,2018-08-17T04:22:34.641
choice-moving,Surfer16@bmm,4854,320,6388,6388,630,NULL,1059753,1059753,1059753,NULL,LIMIT,BUY,6,0,2018-08-17T04:22:34.927,2018-08-17T04:22:34.929
choice-moving,Surfer10@bmm,4848,320,6388,6388,632,NULL,1059754,1059754,1059754,1059781,LIMIT,BUY,1,94,2018-08-17T04:22:36.249,2018-08-17T04:23:13.478
choice-moving,Surfer16@bmm,4854,320,6388,6388,630,NULL,1059755,1059755,1059755,NULL,LIMIT,BUY,6,0,2018-08-17T04:22:38.994,2018-08-17T04:22:38.997
choice-moving,Surfer2@bmm,4840,320,6388,6388,632,NULL,1059756,1059756,1059756,NULL,LIMIT,BUY,1,0,2018-08-17T04:22:42.651,2018-08-17T04:22:42.653
choice-moving,Surfer3@bmm,4841,320,6388,6388,631,NULL,1059757,1059757,1059757,1059846,LIMIT,BUY,1,92,2018-08-17T04:22:42.969,2018-08-17T04:24:41.302
choice-moving,Surfer8@bmm,4846,320,6388,6388,630,NULL,1059758,1059758,1059758,1059764,LIMIT,SELL,1,100,2018-08-17T04:22:43.127,2018-08-17T04:22:52.609
choice-moving,Surfer16@bmm,4854,320,6388,6388,630,NULL,1059759,1059759,1059759,NULL,LIMIT,BUY,18,0,2018-08-17T04:22:43.426,2018-08-17T04:22:43.428
choice-moving,Surfer10@bmm,4848,320,6388,6388,631,NULL,1059760,1059746,1059746,1059746,CANCEL,BUY,1,91,2018-08-17T04:22:45.216,2018-08-17T04:22:45.221
choice-moving,Surfer15@bmm,4853,320,6388,6388,630,NULL,1059761,1059596,1059596,1059596,CANCEL,BUY,1,78,2018-08-17T04:22:45.259,2018-08-17T04:22:45.265
choice-moving,Surfer12@bmm,4850,320,6388,6388,633,NULL,1059762,1059762,1059762,1059836,LIMIT,SELL,1,1,2018-08-17T04:22:48.256,2018-08-17T04:24:34.309
choice-moving,Surfer3@bmm,4841,320,6388,6388,632,NULL,1059763,1059602,1059602,1059602,CANCEL,BUY,1,70,2018-08-17T04:22:50.909,2018-08-17T04:22:50.914
choice-moving,Surfer8@bmm,4846,320,6388,6388,630,NULL,1059764,1059758,1059758,1059758,CANCEL,SELL,1,100,2018-08-17T04:22:52.605,2018-08-17T04:22:52.609
choice-moving,Surfer15@bmm,4853,320,6388,6388,630,NULL,1059765,1059765,1059765,1059851,LIMIT,BUY,1,90,2018-08-17T04:22:53.337,2018-08-17T04:24:43.382
choice-moving,Surfer5@bmm,4843,320,6388,6388,630,NULL,1059766,1059766,1059766,1059785,LIMIT,BUY,1,0,2018-08-17T04:22:55.465,2018-08-17T04:23:19.830
choice-moving,Surfer2@bmm,4840,320,6388,6388,632,NULL,1059767,1059767,1059767,NULL,LIMIT,BUY,1,18,2018-08-17T04:22:55.664,2018-08-17T04:22:55.667
choice-moving,Surfer9@bmm,4847,320,6388,6388,631,NULL,1059768,1059768,1059768,NULL,LIMIT,BUY,2,88,2018-08-17T04:22:55.856,2018-08-17T04:22:55.858
choice-moving,Surfer8@bmm,4846,320,6388,6388,630,NULL,1059769,1059769,1059769,1059772,LIMIT,SELL,1,95,2018-08-17T04:22:56.856,2018-08-17T04:23:00.469
choice-moving,Surfer18@bmm,4856,320,6388,6388,631,NULL,1059770,1059609,1059609,1059609,CANCEL,BUY,1,80,2018-08-17T04:22:58.565,2018-08-17T04:22:58.570
choice-moving,Surfer16@bmm,4854,320,6388,6388,632,NULL,1059771,1059771,1059771,NULL,LIMIT,BUY,1,0,2018-08-17T04:23:00.178,2018-08-17T04:23:00.181
choice-moving,Surfer11@bmm,4849,320,6388,6388,630,NULL,1059772,1059772,1059772,1059769,LIMIT,BUY,1,95,2018-08-17T04:23:00.464,2018-08-17T04:23:00.469
choice-moving,Surfer5@bmm,4843,320,6388,6388,630,NULL,1059773,1059773,1059773,1059784,LIMIT,BUY,1,0,2018-08-17T04:23:03.810,2018-08-17T04:23:17.939
choice-moving,Surfer15@bmm,4853,320,6388,6388,632,NULL,1059774,1059774,1059774,1059840,LIMIT,SELL,1,100,2018-08-17T04:23:05.396,2018-08-17T04:24:36.752
choice-moving,Surfer18@bmm,4856,320,6388,6388,631,NULL,1059775,1059775,1059775,1059826,LIMIT,SELL,1,100,2018-08-17T04:23:06.592,2018-08-17T04:24:23.623
choice-moving,Surfer11@bmm,4849,320,6388,6388,630,NULL,1059776,1059733,1059733,1059733,CANCEL,BUY,1,89,2018-08-17T04:23:09.010,2018-08-17T04:23:09.016
choice-moving,Surfer16@bmm,4854,320,6388,6388,632,NULL,1059777,1059777,1059777,NULL,LIMIT,BUY,1,18,2018-08-17T04:23:09.575,2018-08-17T04:23:09.585
choice-moving,Surfer13@bmm,4851,320,6388,6388,633,NULL,1059778,1059778,1059778,1059850,LIMIT,SELL,1,2,2018-08-17T04:23:12.034,2018-08-17T04:24:42.533
choice-moving,Surfer15@bmm,4853,320,6388,6388,632,NULL,1059779,1059779,1059779,1059810,LIMIT,BUY,1,91,2018-08-17T04:23:13.303,2018-08-17T04:23:56.427
choice-moving,Surfer9@bmm,4847,320,6388,6388,632,NULL,1059780,1059780,1059780,0,LIMIT,SELL,1,88,2018-08-17T04:23:13.470,2018-08-17T04:23:13.478
choice-moving,Surfer9@bmm,4847,320,6388,6388,632,NULL,1059781,1059780,1059780,1059754,LIMIT,SELL,1,94,2018-08-17T04:23:13.475,2018-08-17T04:23:13.478
choice-moving,Surfer10@bmm,4848,320,6388,6388,630,NULL,1059782,1059782,1059782,1059802,LIMIT,BUY,1,95,2018-08-17T04:23:13.588,2018-08-17T04:23:38.244
choice-moving,Surfer18@bmm,4856,320,6388,6388,632,NULL,1059783,1059663,1059663,1059663,CANCEL,BUY,1,80,2018-08-17T04:23:17.175,2018-08-17T04:23:17.181
choice-moving,Surfer5@bmm,4843,320,6388,6388,630,NULL,1059784,1059773,1059773,1059773,CANCEL,BUY,1,0,2018-08-17T04:23:17.934,2018-08-17T04:23:17.939
choice-moving,Surfer5@bmm,4843,320,6388,6388,630,NULL,1059785,1059766,1059766,1059766,CANCEL,BUY,1,0,2018-08-17T04:23:19.826,2018-08-17T04:23:19.830
choice-moving,Surfer5@bmm,4843,320,6388,6388,630,NULL,1059786,1059706,1059706,1059706,CANCEL,BUY,1,0,2018-08-17T04:23:20.354,2018-08-17T04:23:20.359
choice-moving,Surfer5@bmm,4843,320,6388,6388,630,NULL,1059787,1059706,1059706,1059787,CANCEL,BUY,1,0,2018-08-17T04:23:20.600,2018-08-17T04:23:20.605
choice-moving,Surfer5@bmm,4843,320,6388,6388,630,NULL,1059788,1059702,1059702,1059702,CANCEL,BUY,1,0,2018-08-17T04:23:20.970,2018-08-17T04:23:20.974
choice-moving,Surfer5@bmm,4843,320,6388,6388,630,NULL,1059789,1059702,1059702,1059789,CANCEL,BUY,1,0,2018-08-17T04:23:21.030,2018-08-17T04:23:21.034
choice-moving,Surfer5@bmm,4843,320,6388,6388,630,NULL,1059790,1059702,1059702,1059790,CANCEL,BUY,1,0,2018-08-17T04:23:21.212,2018-08-17T04:23:21.217
choice-moving,Surfer5@bmm,4843,320,6388,6388,630,NULL,1059791,1059692,1059692,1059692,CANCEL,BUY,1,0,2018-08-17T04:23:21.744,2018-08-17T04:23:21.748
choice-moving,Surfer5@bmm,4843,320,6388,6388,630,NULL,1059792,1059692,1059692,1059792,CANCEL,BUY,1,0,2018-08-17T04:23:21.940,2018-08-17T04:23:21.945
choice-moving,Surfer5@bmm,4843,320,6388,6388,630,NULL,1059793,1059631,1059631,1059631,CANCEL,BUY,1,0,2018-08-17T04:23:22.360,2018-08-17T04:23:22.364
choice-moving,Surfer5@bmm,4843,320,6388,6388,630,NULL,1059794,1059627,1059627,1059627,CANCEL,BUY,1,0,2018-08-17T04:23:22.761,2018-08-17T04:23:22.765
choice-moving,Surfer5@bmm,4843,320,6388,6388,630,NULL,1059795,1059627,1059627,1059795,CANCEL,BUY,1,0,2018-08-17T04:23:23.010,2018-08-17T04:23:23.015
choice-moving,Surfer18@bmm,4856,320,6388,6388,632,NULL,1059796,1059796,1059796,1059804,LIMIT,BUY,1,90,2018-08-17T04:23:27.548,2018-08-17T04:23:46.840
choice-moving,Surfer1@bmm,4839,320,6388,6388,630,NULL,1059797,1059797,1059797,1059807,LIMIT,SELL,1,100,2018-08-17T04:23:29.270,2018-08-17T04:23:54.046
choice-moving,Surfer3@bmm,4841,320,6388,6388,632,NULL,1059798,1059798,1059798,1059830,LIMIT,BUY,1,94,2018-08-17T04:23:34.188,2018-08-17T04:24:31.158
choice-moving,Surfer16@bmm,4854,320,6388,6388,633,NULL,1059799,1059799,1059799,1059847,LIMIT,SELL,1,5,2018-08-17T04:23:35.790,2018-08-17T04:24:41.488
choice-moving,Surfer18@bmm,4856,320,6388,6388,633,NULL,1059800,1059654,1059654,1059654,CANCEL,SELL,1,10,2018-08-17T04:23:38.143,2018-08-17T04:23:38.148
choice-moving,Surfer17@bmm,4855,320,6388,6388,630,NULL,1059801,1059801,1059801,0,LIMIT,SELL,1,94,2018-08-17T04:23:38.236,2018-08-17T04:23:38.244
choice-moving,Surfer17@bmm,4855,320,6388,6388,630,NULL,1059802,1059801,1059801,1059782,LIMIT,SELL,1,95,2018-08-17T04:23:38.241,2018-08-17T04:23:38.245
choice-moving,Surfer10@bmm,4848,320,6388,6388,632,NULL,1059803,1059803,1059803,1059856,LIMIT,BUY,1,95,2018-08-17T04:23:39.419,2018-08-17T04:24:51.450
choice-moving,Surfer18@bmm,4856,320,6388,6388,632,NULL,1059804,1059796,1059796,1059796,CANCEL,BUY,1,90,2018-08-17T04:23:46.779,2018-08-17T04:23:46.840
choice-moving,Surfer6@bmm,4844,320,6388,6388,633,NULL,1059805,1059553,1059553,1059553,CANCEL,SELL,1,50,2018-08-17T04:23:48.589,2018-08-17T04:23:48.594
choice-moving,Surfer6@bmm,4844,320,6388,6388,633,NULL,1059806,1059619,1059619,1059619,CANCEL,SELL,1,40,2018-08-17T04:23:49.353,2018-08-17T04:23:49.362
choice-moving,Surfer1@bmm,4839,320,6388,6388,630,NULL,1059807,1059797,1059797,1059797,CANCEL,SELL,1,100,2018-08-17T04:23:54.041,2018-08-17T04:23:54.045
choice-moving,Surfer12@bmm,4850,320,6388,6388,630,NULL,1059808,1059808,1059808,NULL,LIMIT,BUY,1,93,2018-08-17T04:23:55.016,2018-08-17T04:23:55.026
choice-moving,Surfer6@bmm,4844,320,6388,6388,633,NULL,1059809,1059809,1059809,1059863,LIMIT,SELL,1,4,2018-08-17T04:23:55.301,2018-08-17T04:25:00.347
choice-moving,Surfer15@bmm,4853,320,6388,6388,632,NULL,1059810,1059779,1059779,1059779,CANCEL,BUY,1,91,2018-08-17T04:23:56.422,2018-08-17T04:23:56.426
choice-moving,Surfer12@bmm,4850,320,6388,6388,630,NULL,1059811,1059811,1059811,NULL,LIMIT,BUY,1,93,2018-08-17T04:23:57.272,2018-08-17T04:23:57.274
choice-moving,Surfer4@bmm,4842,320,6388,6388,631,NULL,1059812,1059812,1059812,NULL,LIMIT,BUY,1,11,2018-08-17T04:23:58.738,2018-08-17T04:23:58.741
choice-moving,Surfer15@bmm,4853,320,6388,6388,632,NULL,1059813,1059813,1059813,1059891,LIMIT,BUY,1,97,2018-08-17T04:24:01.115,2018-08-17T04:25:33.065
choice-moving,Surfer6@bmm,4844,320,6388,6388,633,NULL,1059814,1059652,1059652,1059652,CANCEL,SELL,1,25,2018-08-17T04:24:01.356,2018-08-17T04:24:01.360
choice-moving,Surfer3@bmm,4841,320,6388,6388,630,NULL,1059815,1059815,1059815,1059819,LIMIT,BUY,1,94,2018-08-17T04:24:02.689,2018-08-17T04:24:08.617
choice-moving,Surfer8@bmm,4846,320,6388,6388,630,NULL,1059816,1059816,1059816,1059744,LIMIT,BUY,1,100,2018-08-17T04:24:05.205,2018-08-17T04:24:05.210
choice-moving,Surfer10@bmm,4848,320,6388,6388,631,NULL,1059817,1059676,1059676,1059676,CANCEL,BUY,1,90,2018-08-17T04:24:07.707,2018-08-17T04:24:07.712
choice-moving,Surfer6@bmm,4844,320,6388,6388,633,NULL,1059818,1059818,1059818,1059864,LIMIT,SELL,1,6,2018-08-17T04:24:07.857,2018-08-17T04:25:00.347
choice-moving,Surfer1@bmm,4839,320,6388,6388,630,NULL,1059819,1059819,1059819,1059815,LIMIT,SELL,1,94,2018-08-17T04:24:08.611,2018-08-17T04:24:08.616
choice-moving,Surfer14@bmm,4852,320,6388,6388,632,NULL,1059820,1059820,1059820,1059933,LIMIT,BUY,1,98,2018-08-17T04:24:14.873,2018-08-17T04:26:36.142
choice-moving,Surfer17@bmm,4855,320,6388,6388,631,NULL,1059821,1059717,1059717,1059717,CANCEL,BUY,1,80,2018-08-17T04:24:15.102,2018-08-17T04:24:15.108
choice-moving,Surfer6@bmm,4844,320,6388,6388,633,NULL,1059822,1059822,1059822,1059865,LIMIT,SELL,1,6,2018-08-17T04:24:17.899,2018-08-17T04:25:00.347
choice-moving,Surfer18@bmm,4856,320,6388,6388,633,NULL,1059823,1059730,1059730,1059730,CANCEL,SELL,1,4,2018-08-17T04:24:18.922,2018-08-17T04:24:18.926
choice-moving,Surfer10@bmm,4848,320,6388,6388,631,NULL,1059824,1059824,1059824,1059860,LIMIT,BUY,1,93,2018-08-17T04:24:19.839,2018-08-17T04:24:53.865
choice-moving,Surfer14@bmm,4852,320,6388,6388,632,NULL,1059825,1059825,1059825,1059859,LIMIT,BUY,1,99,2018-08-17T04:24:21.199,2018-08-17T04:24:53.711
choice-moving,Surfer17@bmm,4855,320,6388,6388,631,NULL,1059826,1059826,1059826,1059775,LIMIT,BUY,1,100,2018-08-17T04:24:23.618,2018-08-17T04:24:23.623
choice-moving,Surfer2@bmm,4840,320,6388,6388,630,NULL,1059827,1059827,1059827,NULL,LIMIT,BUY,1,87,2018-08-17T04:24:25.453,2018-08-17T04:24:25.456
choice-moving,Surfer16@bmm,4854,320,6388,6388,631,NULL,1059828,1059828,1059828,1059861,LIMIT,SELL,1,100,2018-08-17T04:24:27.922,2018-08-17T04:24:56.686
choice-moving,Surfer15@bmm,4853,320,6388,6388,631,NULL,1059829,1059829,1059829,1059919,LIMIT,BUY,1,98,2018-08-17T04:24:28.348,2018-08-17T04:26:03.151
choice-moving,Surfer3@bmm,4841,320,6388,6388,632,NULL,1059830,1059798,1059798,1059798,CANCEL,BUY,1,94,2018-08-17T04:24:31.153,2018-08-17T04:24:31.157
choice-moving,Surfer16@bmm,4854,320,6388,6388,631,NULL,1059831,1059831,1059831,1059901,LIMIT,SELL,1,100,2018-08-17T04:24:31.711,2018-08-17T04:25:42.673
choice-moving,Surfer13@bmm,4851,320,6388,6388,630,NULL,1059832,1059832,1059832,1059848,LIMIT,SELL,1,100,2018-08-17T04:24:32.277,2018-08-17T04:24:41.787
choice-moving,Surfer16@bmm,4854,320,6388,6388,631,NULL,1059833,1059833,1059833,1059921,LIMIT,SELL,1,100,2018-08-17T04:24:33.062,2018-08-17T04:26:07.484
choice-moving,Surfer17@bmm,4855,320,6388,6388,632,NULL,1059834,1059834,1059834,1059667,LIMIT,BUY,1,100,2018-08-17T04:24:33.212,2018-08-17T04:24:33.219
choice-moving,Surfer9@bmm,4847,320,6388,6388,633,NULL,1059835,1059835,1059835,0,LIMIT,BUY,1,30,2018-08-17T04:24:34.298,2018-08-17T04:24:34.308
choice-moving,Surfer9@bmm,4847,320,6388,6388,633,NULL,1059836,1059835,1059835,1059762,LIMIT,BUY,1,1,2018-08-17T04:24:34.303,2018-08-17T04:24:34.309
choice-moving,Surfer16@bmm,4854,320,6388,6388,631,NULL,1059837,1059837,1059837,NULL,LIMIT,SELL,1,100,2018-08-17T04:24:35.183,2018-08-17T04:24:35.185
choice-moving,Surfer18@bmm,4856,320,6388,6388,630,NULL,1059838,1059838,1059838,1059852,LIMIT,BUY,1,95,2018-08-17T04:24:35.922,2018-08-17T04:24:43.459
choice-moving,Surfer3@bmm,4841,320,6388,6388,630,NULL,1059839,1059839,1059839,1059929,LIMIT,BUY,1,94,2018-08-17T04:24:36.662,2018-08-17T04:26:22.274
choice-moving,Surfer17@bmm,4855,320,6388,6388,632,NULL,1059840,1059840,1059840,1059774,LIMIT,BUY,1,100,2018-08-17T04:24:36.747,2018-08-17T04:24:36.752
choice-moving,Surfer18@bmm,4856,320,6388,6388,630,NULL,1059841,1059739,1059739,1059739,CANCEL,BUY,1,90,2018-08-17T04:24:37.945,2018-08-17T04:24:37.950
choice-moving,Surfer16@bmm,4854,320,6388,6388,633,NULL,1059842,1059666,1059666,1059666,CANCEL,SELL,1,7,2018-08-17T04:24:40.187,2018-08-17T04:24:40.191
choice-moving,Surfer10@bmm,4848,320,6388,6388,630,NULL,1059843,1059634,1059634,1059634,CANCEL,BUY,1,0,2018-08-17T04:24:40.339,2018-08-17T04:24:40.343
choice-moving,Surfer11@bmm,4849,320,6388,6388,632,NULL,1059844,1059748,1059748,1059748,CANCEL,BUY,1,93,2018-08-17T04:24:40.650,2018-08-17T04:24:40.654
choice-moving,Surfer11@bmm,4849,320,6388,6388,632,NULL,1059845,1059748,1059748,1059845,CANCEL,BUY,1,93,2018-08-17T04:24:40.901,2018-08-17T04:24:40.909
choice-moving,Surfer3@bmm,4841,320,6388,6388,631,NULL,1059846,1059757,1059757,1059757,CANCEL,BUY,1,92,2018-08-17T04:24:41.296,2018-08-17T04:24:41.302
choice-moving,Surfer16@bmm,4854,320,6388,6388,633,NULL,1059847,1059799,1059799,1059799,CANCEL,SELL,1,5,2018-08-17T04:24:41.483,2018-08-17T04:24:41.487
choice-moving,Surfer8@bmm,4846,320,6388,6388,630,NULL,1059848,1059848,1059848,1059832,LIMIT,BUY,1,100,2018-08-17T04:24:41.782,2018-08-17T04:24:41.787
choice-moving,Surfer9@bmm,4847,320,6388,6388,633,NULL,1059849,1059849,1059849,0,LIMIT,BUY,1,14,2018-08-17T04:24:42.525,2018-08-17T04:24:42.533
choice-moving,Surfer9@bmm,4847,320,6388,6388,633,NULL,1059850,1059849,1059849,1059778,LIMIT,BUY,1,2,2018-08-17T04:24:42.530,2018-08-17T04:24:42.533
choice-moving,Surfer15@bmm,4853,320,6388,6388,630,NULL,1059851,1059765,1059765,1059765,CANCEL,BUY,1,90,2018-08-17T04:24:43.376,2018-08-17T04:24:43.381
choice-moving,Surfer1@bmm,4839,320,6388,6388,630,NULL,1059852,1059852,1059852,1059838,LIMIT,SELL,1,95,2018-08-17T04:24:43.453,2018-08-17T04:24:43.459
choice-moving,Surfer6@bmm,4844,320,6388,6388,630,NULL,1059853,1059853,1059853,1059881,LIMIT,BUY,1,100,2018-08-17T04:24:46.692,2018-08-17T04:25:21.705
choice-moving,Surfer3@bmm,4841,320,6388,6388,631,NULL,1059854,1059854,1059854,1059907,LIMIT,BUY,1,94,2018-08-17T04:24:49.722,2018-08-17T04:25:51.252
choice-moving,Surfer11@bmm,4849,320,6388,6388,631,NULL,1059855,1059745,1059745,1059745,CANCEL,BUY,1,91,2018-08-17T04:24:51.312,2018-08-17T04:24:51.316
choice-moving,Surfer10@bmm,4848,320,6388,6388,632,NULL,1059856,1059803,1059803,1059803,CANCEL,BUY,1,95,2018-08-17T04:24:51.445,2018-08-17T04:24:51.450
choice-moving,Surfer15@bmm,4853,320,6388,6388,630,NULL,1059857,1059857,1059857,1059904,LIMIT,BUY,1,99,2018-08-17T04:24:52.263,2018-08-17T04:25:45.723
choice-moving,Surfer2@bmm,4840,320,6388,6388,632,NULL,1059858,1059858,1059858,0,LIMIT,SELL,1,13,2018-08-17T04:24:53.702,2018-08-17T04:24:53.711
choice-moving,Surfer2@bmm,4840,320,6388,6388,632,NULL,1059859,1059858,1059858,1059825,LIMIT,SELL,1,99,2018-08-17T04:24:53.707,2018-08-17T04:24:53.711
choice-moving,Surfer10@bmm,4848,320,6388,6388,631,NULL,1059860,1059824,1059824,1059824,CANCEL,BUY,1,93,2018-08-17T04:24:53.861,2018-08-17T04:24:53.865
choice-moving,Surfer8@bmm,4846,320,6388,6388,631,NULL,1059861,1059861,1059861,1059828,LIMIT,BUY,1,100,2018-08-17T04:24:56.681,2018-08-17T04:24:56.686
choice-moving,Surfer17@bmm,4855,320,6388,6388,633,NULL,1059862,1059862,1059862,0,LIMIT,BUY,3,9,2018-08-17T04:25:00.331,2018-08-17T04:25:00.347
choice-moving,Surfer17@bmm,4855,320,6388,6388,633,NULL,1059863,1059862,1059862,1059809,LIMIT,BUY,1,4,2018-08-17T04:25:00.337,2018-08-17T04:25:00.347
choice-moving,Surfer17@bmm,4855,320,6388,6388,633,NULL,1059864,1059862,1059862,1059818,LIMIT,BUY,1,6,2018-08-17T04:25:00.340,2018-08-17T04:25:00.347
choice-moving,Surfer17@bmm,4855,320,6388,6388,633,NULL,1059865,1059862,1059862,1059822,LIMIT,BUY,1,6,2018-08-17T04:25:00.344,2018-08-17T04:25:00.347
choice-moving,Surfer16@bmm,4854,320,6388,6388,630,NULL,1059866,1059866,1059866,NULL,LIMIT,BUY,30,0,2018-08-17T04:25:01.857,2018-08-17T04:25:01.859
choice-moving,Surfer16@bmm,4854,320,6388,6388,630,NULL,1059867,1059867,1059867,NULL,LIMIT,BUY,30,0,2018-08-17T04:25:03.135,2018-08-17T04:25:03.137
choice-moving,Surfer13@bmm,4851,320,6388,6388,633,NULL,1059868,1059868,1059868,NULL,LIMIT,SELL,2,7,2018-08-17T04:25:03.564,2018-08-17T04:25:03.567
choice-moving,Surfer16@bmm,4854,320,6388,6388,630,NULL,1059869,1059869,1059869,NULL,LIMIT,BUY,30,0,2018-08-17T04:25:04.193,2018-08-17T04:25:04.195
choice-moving,Surfer4@bmm,4842,320,6388,6388,631,NULL,1059870,1059870,1059870,NULL,LIMIT,BUY,2,11,2018-08-17T04:25:04.981,2018-08-17T04:25:04.984
choice-moving,Surfer5@bmm,4843,320,6388,6388,632,NULL,1059871,1059871,1059871,NULL,LIMIT,BUY,1,0,2018-08-17T04:25:05.551,2018-08-17T04:25:05.554
choice-moving,Surfer2@bmm,4840,320,6388,6388,631,NULL,1059872,1059872,1059872,NULL,LIMIT,BUY,1,15,2018-08-17T04:25:06.717,2018-08-17T04:25:06.719
choice-moving,Surfer10@bmm,4848,320,6388,6388,631,NULL,1059873,1059873,1059873,1059880,LIMIT,BUY,1,99,2018-08-17T04:25:06.962,2018-08-17T04:25:20.153
choice-moving,Surfer3@bmm,4841,320,6388,6388,630,NULL,1059874,1059732,1059732,1059732,CANCEL,BUY,1,84,2018-08-17T04:25:16.423,2018-08-17T04:25:16.429
choice-moving,Surfer16@bmm,4854,320,6388,6388,630,NULL,1059875,1059875,1059875,NULL,LIMIT,BUY,1,32,2018-08-17T04:25:16.581,2018-08-17T04:25:16.584
choice-moving,Surfer2@bmm,4840,320,6388,6388,632,NULL,1059876,1059876,1059876,NULL,LIMIT,BUY,1,10,2018-08-17T04:25:18.157,2018-08-17T04:25:18.159
choice-moving,Surfer16@bmm,4854,320,6388,6388,630,NULL,1059877,1059877,1059877,NULL,LIMIT,BUY,1,60,2018-08-17T04:25:18.974,2018-08-17T04:25:18.976
choice-moving,Surfer18@bmm,4856,320,6388,6388,633,NULL,1059878,1059878,1059878,1059906,LIMIT,SELL,1,5,2018-08-17T04:25:19.186,2018-08-17T04:25:50.868
choice-moving,Surfer17@bmm,4855,320,6388,6388,631,NULL,1059879,1059879,1059879,0,LIMIT,SELL,1,98,2018-08-17T04:25:20.140,2018-08-17T04:25:20.153
choice-moving,Surfer17@bmm,4855,320,6388,6388,631,NULL,1059880,1059879,1059879,1059873,LIMIT,SELL,1,99,2018-08-17T04:25:20.147,2018-08-17T04:25:20.153
choice-moving,Surfer19@bmm,4857,320,6388,6388,630,NULL,1059881,1059881,1059881,1059853,LIMIT,SELL,1,100,2018-08-17T04:25:21.698,2018-08-17T04:25:21.704
choice-moving,Surfer14@bmm,4852,320,6388,6388,632,NULL,1059882,1059882,1059882,1059885,LIMIT,SELL,1,99,2018-08-17T04:25:25.307,2018-08-17T04:25:27.665
choice-moving,Surfer6@bmm,4844,320,6388,6388,631,NULL,1059883,1059883,1059883,1059887,LIMIT,BUY,1,96,2018-08-17T04:25:25.581,2018-08-17T04:25:28.596
choice-moving,Surfer2@bmm,4840,320,6388,6388,632,NULL,1059884,1059884,1059884,0,LIMIT,BUY,1,100,2018-08-17T04:25:27.654,2018-08-17T04:25:27.665
choice-moving,Surfer2@bmm,4840,320,6388,6388,632,NULL,1059885,1059884,1059884,1059882,LIMIT,BUY,1,99,2018-08-17T04:25:27.660,2018-08-17T04:25:27.665
choice-moving,Surfer8@bmm,4846,320,6388,6388,632,NULL,1059886,1059886,1059886,1059892,LIMIT,BUY,1,100,2018-08-17T04:25:27.976,2018-08-17T04:25:35.580
choice-moving,Surfer6@bmm,4844,320,6388,6388,631,NULL,1059887,1059883,1059883,1059883,CANCEL,BUY,1,96,2018-08-17T04:25:28.592,2018-08-17T04:25:28.596
choice-moving,Surfer10@bmm,4848,320,6388,6388,631,NULL,1059888,1059888,1059888,1059924,LIMIT,BUY,1,99,2018-08-17T04:25:31.342,2018-08-17T04:26:16.218
choice-moving,Surfer5@bmm,4843,320,6388,6388,630,NULL,1059889,1059889,1059889,1059923,LIMIT,BUY,1,0,2018-08-17T04:25:32.165,2018-08-17T04:26:11.074
choice-moving,Surfer1@bmm,4839,320,6388,6388,630,NULL,1059890,1059890,1059890,NULL,LIMIT,BUY,1,17,2018-08-17T04:25:32.411,2018-08-17T04:25:32.414
choice-moving,Surfer15@bmm,4853,320,6388,6388,632,NULL,1059891,1059813,1059813,1059813,CANCEL,BUY,1,97,2018-08-17T04:25:33.059,2018-08-17T04:25:33.064
choice-moving,Surfer2@bmm,4840,320,6388,6388,632,NULL,1059892,1059892,1059892,1059886,LIMIT,SELL,1,100,2018-08-17T04:25:35.574,2018-08-17T04:25:35.580
choice-moving,Surfer16@bmm,4854,320,6388,6388,633,NULL,1059893,1059893,1059893,NULL,LIMIT,SELL,1,8,2018-08-17T04:25:35.608,2018-08-17T04:25:35.610
choice-moving,Surfer14@bmm,4852,320,6388,6388,632,NULL,1059894,1059894,1059894,1059900,LIMIT,SELL,1,99,2018-08-17T04:25:35.889,2018-08-17T04:25:41.443
choice-moving,Surfer16@bmm,4854,320,6388,6388,633,NULL,1059895,1059895,1059895,NULL,LIMIT,SELL,1,8,2018-08-17T04:25:36.205,2018-08-17T04:25:36.207
choice-moving,Surfer16@bmm,4854,320,6388,6388,633,NULL,1059896,1059896,1059896,NULL,LIMIT,SELL,1,8,2018-08-17T04:25:38.535,2018-08-17T04:25:38.538
choice-moving,Surfer17@bmm,4855,320,6388,6388,633,NULL,1059897,1059897,1059897,1059909,LIMIT,SELL,3,24,2018-08-17T04:25:38.828,2018-08-17T04:25:52.269
choice-moving,Surfer9@bmm,4847,320,6388,6388,631,NULL,1059898,1059898,1059898,NULL,LIMIT,BUY,1,0,2018-08-17T04:25:40.447,2018-08-17T04:25:40.449
choice-moving,Surfer13@bmm,4851,320,6388,6388,632,NULL,1059899,1059899,1059899,0,LIMIT,BUY,1,100,2018-08-17T04:25:41.432,2018-08-17T04:25:41.443
choice-moving,Surfer13@bmm,4851,320,6388,6388,632,NULL,1059900,1059899,1059899,1059894,LIMIT,BUY,1,99,2018-08-17T04:25:41.440,2018-08-17T04:25:41.443
choice-moving,Surfer8@bmm,4846,320,6388,6388,631,NULL,1059901,1059901,1059901,1059831,LIMIT,BUY,1,100,2018-08-17T04:25:42.667,2018-08-17T04:25:42.672
choice-moving,Surfer9@bmm,4847,320,6388,6388,631,NULL,1059902,1059902,1059902,NULL,LIMIT,BUY,1,15,2018-08-17T04:25:43.501,2018-08-17T04:25:43.503
choice-moving,Surfer7@bmm,4845,320,6388,6388,630,NULL,1059903,1059903,1059903,0,LIMIT,SELL,1,92,2018-08-17T04:25:45.715,2018-08-17T04:25:45.723
choice-moving,Surfer7@bmm,4845,320,6388,6388,630,NULL,1059904,1059903,1059903,1059857,LIMIT,SELL,1,99,2018-08-17T04:25:45.720,2018-08-17T04:25:45.724
choice-moving,Surfer2@bmm,4840,320,6388,6388,631,NULL,1059905,1059905,1059905,NULL,LIMIT,BUY,1,19,2018-08-17T04:25:48.557,2018-08-17T04:25:48.560
choice-moving,Surfer18@bmm,4856,320,6388,6388,633,NULL,1059906,1059878,1059878,1059878,CANCEL,SELL,1,5,2018-08-17T04:25:50.858,2018-08-17T04:25:50.867
choice-moving,Surfer3@bmm,4841,320,6388,6388,631,NULL,1059907,1059854,1059854,1059854,CANCEL,BUY,1,94,2018-08-17T04:25:51.247,2018-08-17T04:25:51.252
choice-moving,Surfer5@bmm,4843,320,6388,6388,630,NULL,1059908,1059908,1059908,1059922,LIMIT,BUY,1,0,2018-08-17T04:25:52.065,2018-08-17T04:26:10.070
choice-moving,Surfer17@bmm,4855,320,6388,6388,633,NULL,1059909,1059897,1059897,1059897,CANCEL,SELL,3,24,2018-08-17T04:25:52.264,2018-08-17T04:25:52.268
choice-moving,Surfer17@bmm,4855,320,6388,6388,633,NULL,1059910,1059897,1059897,1059910,CANCEL,SELL,3,24,2018-08-17T04:25:52.523,2018-08-17T04:25:52.527
choice-moving,Surfer2@bmm,4840,320,6388,6388,632,NULL,1059911,1059911,1059911,NULL,LIMIT,BUY,1,7,2018-08-17T04:25:53.717,2018-08-17T04:25:53.719
choice-moving,Surfer11@bmm,4849,320,6388,6388,630,NULL,1059912,1059912,1059912,1059915,LIMIT,BUY,1,99,2018-08-17T04:25:57.410,2018-08-17T04:25:59.138
choice-moving,Surfer16@bmm,4854,320,6388,6388,630,NULL,1059913,1059913,1059913,NULL,LIMIT,BUY,1,17,2018-08-17T04:25:57.649,2018-08-17T04:25:57.652
choice-moving,Surfer7@bmm,4845,320,6388,6388,630,NULL,1059914,1059914,1059914,0,LIMIT,SELL,1,87,2018-08-17T04:25:59.129,2018-08-17T04:25:59.138
choice-moving,Surfer7@bmm,4845,320,6388,6388,630,NULL,1059915,1059914,1059914,1059912,LIMIT,SELL,1,99,2018-08-17T04:25:59.135,2018-08-17T04:25:59.138
choice-moving,Surfer2@bmm,4840,320,6388,6388,630,NULL,1059916,1059916,1059916,NULL,LIMIT,BUY,1,28,2018-08-17T04:25:59.317,2018-08-17T04:25:59.319
choice-moving,Surfer13@bmm,4851,320,6388,6388,633,NULL,1059917,1059917,1059917,NULL,LIMIT,SELL,1,1,2018-08-17T04:25:59.825,2018-08-17T04:25:59.828
choice-moving,Surfer9@bmm,4847,320,6388,6388,633,NULL,1059918,1059918,1059918,NULL,LIMIT,SELL,1,78,2018-08-17T04:26:02.397,2018-08-17T04:26:02.400
choice-moving,Surfer15@bmm,4853,320,6388,6388,631,NULL,1059919,1059829,1059829,1059829,CANCEL,BUY,1,98,2018-08-17T04:26:03.145,2018-08-17T04:26:03.150
choice-moving,Surfer3@bmm,4841,320,6388,6388,630,NULL,1059920,1059920,1059920,NULL,LIMIT,BUY,1,99,2018-08-17T04:26:03.917,2018-08-17T04:26:03.919
choice-moving,Surfer6@bmm,4844,320,6388,6388,631,NULL,1059921,1059921,1059921,1059833,LIMIT,BUY,1,100,2018-08-17T04:26:07.476,2018-08-17T04:26:07.483
choice-moving,Surfer5@bmm,4843,320,6388,6388,630,NULL,1059922,1059908,1059908,1059908,CANCEL,BUY,1,0,2018-08-17T04:26:10.066,2018-08-17T04:26:10.070
choice-moving,Surfer5@bmm,4843,320,6388,6388,630,NULL,1059923,1059889,1059889,1059889,CANCEL,BUY,1,0,2018-08-17T04:26:11.070,2018-08-17T04:26:11.074
choice-moving,Surfer10@bmm,4848,320,6388,6388,631,NULL,1059924,1059888,1059888,1059888,CANCEL,BUY,1,99,2018-08-17T04:26:16.213,2018-08-17T04:26:16.218
choice-moving,Surfer12@bmm,4850,320,6388,6388,633,NULL,1059925,1059925,1059925,NULL,LIMIT,SELL,1,1,2018-08-17T04:26:16.755,2018-08-17T04:26:16.758
choice-moving,Surfer6@bmm,4844,320,6388,6388,633,NULL,1059926,1059741,1059741,1059741,CANCEL,SELL,1,20,2018-08-17T04:26:19.199,2018-08-17T04:26:19.204
choice-moving,Surfer9@bmm,4847,320,6388,6388,633,NULL,1059927,1059927,1059927,1059931,LIMIT,SELL,1,78,2018-08-17T04:26:21.484,2018-08-17T04:26:30.412
choice-moving,Surfer15@bmm,4853,320,6388,6388,631,NULL,1059928,1059928,1059928,1059937,LIMIT,BUY,1,99,2018-08-17T04:26:21.783,2018-08-17T04:26:42.341
choice-moving,Surfer3@bmm,4841,320,6388,6388,630,NULL,1059929,1059839,1059839,1059839,CANCEL,BUY,1,94,2018-08-17T04:26:22.268,2018-08-17T04:26:22.274
choice-moving,Surfer6@bmm,4844,320,6388,6388,633,NULL,1059930,1059930,1059930,NULL,LIMIT,SELL,1,2,2018-08-17T04:26:23.817,2018-08-17T04:26:23.820
choice-moving,Surfer9@bmm,4847,320,6388,6388,633,NULL,1059931,1059927,1059927,1059927,CANCEL,SELL,1,78,2018-08-17T04:26:30.408,2018-08-17T04:26:30.412
choice-moving,Surfer3@bmm,4841,320,6388,6388,630,NULL,1059932,1059932,1059932,NULL,LIMIT,BUY,1,96,2018-08-17T04:26:34.368,2018-08-17T04:26:34.371
choice-moving,Surfer17@bmm,4855,320,6388,6388,632,NULL,1059933,1059933,1059933,1059820,LIMIT,SELL,1,98,2018-08-17T04:26:36.136,2018-08-17T04:26:36.142
choice-moving,Surfer17@bmm,4855,320,6388,6388,632,NULL,1059934,1059934,1059934,1059938,LIMIT,SELL,1,98,2018-08-17T04:26:39.651,2018-08-17T04:26:42.792
choice-moving,Surfer9@bmm,4847,320,6388,6388,632,NULL,1059935,1059935,1059935,0,LIMIT,SELL,1,88,2018-08-17T04:26:41.879,2018-08-17T04:26:41.893
choice-moving,Surfer9@bmm,4847,320,6388,6388,632,NULL,1059936,1059935,1059935,1059737,LIMIT,SELL,1,90,2018-08-17T04:26:41.889,2018-08-17T04:26:41.894
choice-moving,Surfer15@bmm,4853,320,6388,6388,631,NULL,1059937,1059928,1059928,1059928,CANCEL,BUY,1,99,2018-08-17T04:26:42.337,2018-08-17T04:26:42.341
choice-moving,Surfer17@bmm,4855,320,6388,6388,632,NULL,1059938,1059934,1059934,1059934,CANCEL,SELL,1,98,2018-08-17T04:26:42.787,2018-08-17T04:26:42.791
choice-moving,Surfer9@bmm,4847,320,6388,6388,632,NULL,1059939,1059939,1059939,0,LIMIT,SELL,1,88,2018-08-17T04:26:44.107,2018-08-17T04:26:44.116
choice-moving,Surfer9@bmm,4847,320,6388,6388,632,NULL,1059940,1059939,1059939,1059738,LIMIT,SELL,1,90,2018-08-17T04:26:44.113,2018-08-17T04:26:44.116