account,email,owner,marketplace,session,period,market,target,order,original,supplier,consumer,type,side,units,price,createdDate,lastModifiedDate
choice-moving,Surfer10@bmm,4848,324,6392,6392,647,NULL,1061146,1061146,1061146,1061544,LIMIT,BUY,1,3,2018-08-17T04:56:10.998,2018-08-17T05:03:18.268
choice-moving,Surfer3@bmm,4841,324,6392,6392,646,NULL,1061147,1061147,1061147,1061406,LIMIT,BUY,1,83,2018-08-17T04:56:11.725,2018-08-17T04:59:45.829
choice-moving,Surfer10@bmm,4848,324,6392,6392,647,NULL,1061148,1061148,1061148,1061533,LIMIT,BUY,1,5,2018-08-17T04:56:12.106,2018-08-17T05:03:00.389
choice-moving,Surfer3@bmm,4841,324,6392,6392,646,NULL,1061149,1061149,1061149,1061235,LIMIT,BUY,1,48,2018-08-17T04:56:12.979,2018-08-17T04:57:31.155
choice-moving,Surfer3@bmm,4841,324,6392,6392,646,NULL,1061150,1061150,1061150,1061404,LIMIT,BUY,1,82,2018-08-17T04:56:16.684,2018-08-17T04:59:44.711
choice-moving,Surfer7@bmm,4845,324,6392,6392,648,NULL,1061151,1061151,1061151,1061159,LIMIT,SELL,1,10,2018-08-17T04:56:17.632,2018-08-17T04:56:28.716
choice-moving,Surfer3@bmm,4841,324,6392,6392,646,NULL,1061152,1061152,1061152,1061496,LIMIT,BUY,1,92,2018-08-17T04:56:20.615,2018-08-17T05:02:23.418
choice-moving,Surfer17@bmm,4855,324,6392,6392,646,NULL,1061153,1061153,1061153,NULL,LIMIT,BUY,1,74,2018-08-17T04:56:20.701,2018-08-17T04:56:20.704
choice-moving,Surfer10@bmm,4848,324,6392,6392,648,NULL,1061154,1061154,1061154,1061366,LIMIT,BUY,1,0,2018-08-17T04:56:21.165,2018-08-17T04:59:21.702
choice-moving,Surfer10@bmm,4848,324,6392,6392,648,NULL,1061155,1061155,1061155,1061314,LIMIT,BUY,1,0,2018-08-17T04:56:22.245,2018-08-17T04:58:46.630
choice-moving,Surfer17@bmm,4855,324,6392,6392,647,NULL,1061156,1061156,1061156,NULL,LIMIT,BUY,1,50,2018-08-17T04:56:26.932,2018-08-17T04:56:26.935
choice-moving,Surfer10@bmm,4848,324,6392,6392,648,NULL,1061157,1061157,1061157,1061313,LIMIT,BUY,1,3,2018-08-17T04:56:27.354,2018-08-17T04:58:46.063
choice-moving,Surfer17@bmm,4855,324,6392,6392,647,NULL,1061158,1061158,1061158,NULL,LIMIT,BUY,1,50,2018-08-17T04:56:27.576,2018-08-17T04:56:27.579
choice-moving,Surfer15@bmm,4853,324,6392,6392,648,NULL,1061159,1061159,1061159,1061151,LIMIT,BUY,1,10,2018-08-17T04:56:28.711,2018-08-17T04:56:28.716
choice-moving,Surfer18@bmm,4856,324,6392,6392,647,NULL,1061160,1061160,1061160,1061238,LIMIT,BUY,1,82,2018-08-17T04:56:33.201,2018-08-17T04:57:32.548
choice-moving,Surfer12@bmm,4850,324,6392,6392,648,NULL,1061161,1061161,1061161,1061167,LIMIT,BUY,1,17,2018-08-17T04:56:34.421,2018-08-17T04:56:41.056
choice-moving,Surfer14@bmm,4852,324,6392,6392,648,NULL,1061162,1061162,1061162,1061165,LIMIT,BUY,1,97,2018-08-17T04:56:34.819,2018-08-17T04:56:38.706
choice-moving,Surfer15@bmm,4853,324,6392,6392,646,NULL,1061163,1061163,1061163,1061205,LIMIT,BUY,1,99,2018-08-17T04:56:37.343,2018-08-17T04:57:10.703
choice-moving,Surfer9@bmm,4847,324,6392,6392,648,NULL,1061164,1061164,1061164,0,LIMIT,SELL,1,50,2018-08-17T04:56:38.698,2018-08-17T04:56:38.706
choice-moving,Surfer9@bmm,4847,324,6392,6392,648,NULL,1061165,1061164,1061164,1061162,LIMIT,SELL,1,97,2018-08-17T04:56:38.703,2018-08-17T04:56:38.706
choice-moving,Surfer15@bmm,4853,324,6392,6392,648,NULL,1061166,1061166,1061166,0,LIMIT,SELL,1,1,2018-08-17T04:56:41.048,2018-08-17T04:56:41.056
choice-moving,Surfer15@bmm,4853,324,6392,6392,648,NULL,1061167,1061166,1061166,1061161,LIMIT,SELL,1,17,2018-08-17T04:56:41.053,2018-08-17T04:56:41.056
choice-moving,Surfer10@bmm,4848,324,6392,6392,647,NULL,1061168,1061168,1061168,1061348,LIMIT,BUY,1,34,2018-08-17T04:56:41.095,2018-08-17T04:59:10.573
choice-moving,Surfer14@bmm,4852,324,6392,6392,646,NULL,1061169,1061169,1061169,1061209,LIMIT,BUY,1,99,2018-08-17T04:56:47.357,2018-08-17T04:57:16.421
choice-moving,Surfer19@bmm,4857,324,6392,6392,648,NULL,1061170,1061170,1061170,1061475,LIMIT,BUY,1,50,2018-08-17T04:56:48.146,2018-08-17T05:01:49.638
choice-moving,Surfer4@bmm,4842,324,6392,6392,646,NULL,1061171,1061171,1061171,1061335,LIMIT,BUY,1,99,2018-08-17T04:56:49.169,2018-08-17T04:59:00.853
choice-moving,Surfer4@bmm,4842,324,6392,6392,646,NULL,1061172,1061172,1061172,1061338,LIMIT,BUY,1,99,2018-08-17T04:56:50.097,2018-08-17T04:59:03.302
choice-moving,Surfer9@bmm,4847,324,6392,6392,646,NULL,1061173,1061173,1061173,1061177,LIMIT,SELL,1,100,2018-08-17T04:56:50.307,2018-08-17T04:56:54.458
choice-moving,Surfer13@bmm,4851,324,6392,6392,647,NULL,1061174,1061174,1061174,1061180,LIMIT,BUY,1,93,2018-08-17T04:56:50.637,2018-08-17T04:56:55.790
choice-moving,Surfer3@bmm,4841,324,6392,6392,648,NULL,1061175,1061175,1061175,1061511,LIMIT,BUY,1,60,2018-08-17T04:56:50.794,2018-08-17T05:02:33.411
choice-moving,Surfer14@bmm,4852,324,6392,6392,647,NULL,1061176,1061176,1061176,1061233,LIMIT,BUY,1,99,2018-08-17T04:56:53.071,2018-08-17T04:57:30.575
choice-moving,Surfer8@bmm,4846,324,6392,6392,646,NULL,1061177,1061177,1061177,1061173,LIMIT,BUY,1,100,2018-08-17T04:56:54.452,2018-08-17T04:56:54.458
choice-moving,Surfer19@bmm,4857,324,6392,6392,648,NULL,1061178,1061178,1061178,1061478,LIMIT,BUY,1,77,2018-08-17T04:56:54.980,2018-08-17T05:01:59.966
choice-moving,Surfer17@bmm,4855,324,6392,6392,648,NULL,1061179,1061179,1061179,NULL,LIMIT,BUY,1,34,2018-08-17T04:56:55.323,2018-08-17T04:56:55.325
choice-moving,Surfer13@bmm,4851,324,6392,6392,647,NULL,1061180,1061174,1061174,1061174,CANCEL,BUY,1,93,2018-08-17T04:56:55.786,2018-08-17T04:56:55.790
choice-moving,Surfer3@bmm,4841,324,6392,6392,648,NULL,1061181,1061181,1061181,1061510,LIMIT,BUY,1,77,2018-08-17T04:56:57.673,2018-08-17T05:02:32.561
choice-moving,Surfer18@bmm,4856,324,6392,6392,648,NULL,1061182,1061182,1061182,1061184,LIMIT,BUY,1,80,2018-08-17T04:56:58.473,2018-08-17T04:56:59.112
choice-moving,Surfer15@bmm,4853,324,6392,6392,648,NULL,1061183,1061183,1061183,0,LIMIT,SELL,1,1,2018-08-17T04:56:59.103,2018-08-17T04:56:59.111
choice-moving,Surfer15@bmm,4853,324,6392,6392,648,NULL,1061184,1061183,1061183,1061182,LIMIT,SELL,1,80,2018-08-17T04:56:59.108,2018-08-17T04:56:59.112
choice-moving,Surfer3@bmm,4841,324,6392,6392,648,NULL,1061185,1061185,1061185,1061507,LIMIT,BUY,1,86,2018-08-17T04:56:59.492,2018-08-17T05:02:30.765
choice-moving,Surfer2@bmm,4840,324,6392,6392,646,NULL,1061186,1061186,1061186,1061203,LIMIT,BUY,1,100,2018-08-17T04:56:59.616,2018-08-17T04:57:08.601
choice-moving,Surfer19@bmm,4857,324,6392,6392,648,NULL,1061187,1061187,1061187,1061479,LIMIT,BUY,1,85,2018-08-17T04:56:59.797,2018-08-17T05:02:00.984
choice-moving,Surfer13@bmm,4851,324,6392,6392,647,NULL,1061188,1061188,1061188,1061192,LIMIT,BUY,1,99,2018-08-17T04:56:59.907,2018-08-17T04:57:02.682
choice-moving,Surfer8@bmm,4846,324,6392,6392,647,NULL,1061189,1061189,1061189,1061228,LIMIT,BUY,1,100,2018-08-17T04:57:00.526,2018-08-17T04:57:28.511
choice-moving,Surfer4@bmm,4842,324,6392,6392,649,NULL,1061190,1061190,1061190,1061201,LIMIT,SELL,1,4,2018-08-17T04:57:01.823,2018-08-17T04:57:08.179
choice-moving,Surfer4@bmm,4842,324,6392,6392,649,NULL,1061191,1061191,1061191,1061213,LIMIT,SELL,1,4,2018-08-17T04:57:02.069,2018-08-17T04:57:18.585
choice-moving,Surfer13@bmm,4851,324,6392,6392,647,NULL,1061192,1061188,1061188,1061188,CANCEL,BUY,1,99,2018-08-17T04:57:02.677,2018-08-17T04:57:02.682
choice-moving,Surfer4@bmm,4842,324,6392,6392,649,NULL,1061193,1061193,1061193,1061215,LIMIT,SELL,1,4,2018-08-17T04:57:02.760,2018-08-17T04:57:19.668
choice-moving,Surfer4@bmm,4842,324,6392,6392,649,NULL,1061194,1061194,1061194,1061217,LIMIT,SELL,1,4,2018-08-17T04:57:02.940,2018-08-17T04:57:20.563
choice-moving,Surfer17@bmm,4855,324,6392,6392,647,NULL,1061195,1061195,1061195,1061230,LIMIT,BUY,1,100,2018-08-17T04:57:03.267,2018-08-17T04:57:29.743
choice-moving,Surfer13@bmm,4851,324,6392,6392,647,NULL,1061196,1061196,1061196,1061519,LIMIT,BUY,1,98,2018-08-17T04:57:04.479,2018-08-17T05:02:40
choice-moving,Surfer15@bmm,4853,324,6392,6392,647,NULL,1061197,1061197,1061197,1061237,LIMIT,BUY,1,99,2018-08-17T04:57:07.061,2018-08-17T04:57:31.409
choice-moving,Surfer6@bmm,4844,324,6392,6392,649,NULL,1061198,1061198,1061198,1061218,LIMIT,SELL,1,10,2018-08-17T04:57:07.070,2018-08-17T04:57:21.172
choice-moving,Surfer2@bmm,4840,324,6392,6392,646,NULL,1061199,1061199,1061199,NULL,LIMIT,BUY,1,33,2018-08-17T04:57:07.416,2018-08-17T04:57:07.418
choice-moving,Surfer9@bmm,4847,324,6392,6392,647,NULL,1061200,1061200,1061200,1061520,LIMIT,BUY,1,47,2018-08-17T04:57:07.810,2018-08-17T05:02:42.037
choice-moving,Surfer12@bmm,4850,324,6392,6392,649,NULL,1061201,1061201,1061201,1061190,LIMIT,BUY,1,4,2018-08-17T04:57:08.174,2018-08-17T04:57:08.179
choice-moving,Surfer19@bmm,4857,324,6392,6392,648,NULL,1061202,1061202,1061202,1061381,LIMIT,BUY,1,93,2018-08-17T04:57:08.516,2018-08-17T04:59:28.283
choice-moving,Surfer17@bmm,4855,324,6392,6392,646,NULL,1061203,1061203,1061203,1061186,LIMIT,SELL,1,100,2018-08-17T04:57:08.595,2018-08-17T04:57:08.601
choice-moving,Surfer2@bmm,4840,324,6392,6392,646,NULL,1061204,1061204,1061204,0,LIMIT,SELL,1,33,2018-08-17T04:57:10.694,2018-08-17T04:57:10.703
choice-moving,Surfer2@bmm,4840,324,6392,6392,646,NULL,1061205,1061204,1061204,1061163,LIMIT,SELL,1,99,2018-08-17T04:57:10.700,2018-08-17T04:57:10.703
choice-moving,Surfer14@bmm,4852,324,6392,6392,648,NULL,1061206,1061206,1061206,1061364,LIMIT,BUY,1,98,2018-08-17T04:57:11.215,2018-08-17T04:59:20.622
choice-moving,Surfer19@bmm,4857,324,6392,6392,648,NULL,1061207,1061207,1061207,1061386,LIMIT,BUY,1,93,2018-08-17T04:57:11.300,2018-08-17T04:59:29.448
choice-moving,Surfer2@bmm,4840,324,6392,6392,646,NULL,1061208,1061208,1061208,NULL,LIMIT,BUY,1,33,2018-08-17T04:57:16.159,2018-08-17T04:57:16.161
choice-moving,Surfer15@bmm,4853,324,6392,6392,646,NULL,1061209,1061209,1061209,1061169,LIMIT,SELL,1,99,2018-08-17T04:57:16.414,2018-08-17T04:57:16.420
choice-moving,Surfer11@bmm,4849,324,6392,6392,648,NULL,1061210,1061210,1061210,1061264,LIMIT,BUY,1,99,2018-08-17T04:57:16.603,2018-08-17T04:58:00.895
choice-moving,Surfer13@bmm,4851,324,6392,6392,647,NULL,1061211,1061211,1061211,1061498,LIMIT,BUY,1,99,2018-08-17T04:57:18.284,2018-08-17T05:02:23.917
choice-moving,Surfer6@bmm,4844,324,6392,6392,649,NULL,1061212,1061212,1061212,0,LIMIT,BUY,1,80,2018-08-17T04:57:18.575,2018-08-17T04:57:18.584
choice-moving,Surfer6@bmm,4844,324,6392,6392,649,NULL,1061213,1061212,1061212,1061191,LIMIT,BUY,1,4,2018-08-17T04:57:18.581,2018-08-17T04:57:18.585
choice-moving,Surfer10@bmm,4848,324,6392,6392,649,NULL,1061214,1061214,1061214,0,LIMIT,BUY,1,12,2018-08-17T04:57:19.659,2018-08-17T04:57:19.668
choice-moving,Surfer10@bmm,4848,324,6392,6392,649,NULL,1061215,1061214,1061214,1061193,LIMIT,BUY,1,4,2018-08-17T04:57:19.664,2018-08-17T04:57:19.668
choice-moving,Surfer10@bmm,4848,324,6392,6392,649,NULL,1061216,1061216,1061216,0,LIMIT,BUY,1,12,2018-08-17T04:57:20.555,2018-08-17T04:57:20.563
choice-moving,Surfer10@bmm,4848,324,6392,6392,649,NULL,1061217,1061216,1061216,1061194,LIMIT,BUY,1,4,2018-08-17T04:57:20.560,2018-08-17T04:57:20.563
choice-moving,Surfer12@bmm,4850,324,6392,6392,649,NULL,1061218,1061218,1061218,1061198,LIMIT,BUY,1,10,2018-08-17T04:57:21.166,2018-08-17T04:57:21.172
choice-moving,Surfer10@bmm,4848,324,6392,6392,649,NULL,1061219,1061219,1061219,1061543,LIMIT,BUY,1,12,2018-08-17T04:57:21.194,2018-08-17T05:03:13.518
choice-moving,Surfer2@bmm,4840,324,6392,6392,646,NULL,1061220,1061220,1061220,NULL,LIMIT,BUY,1,33,2018-08-17T04:57:22.254,2018-08-17T04:57:22.257
choice-moving,Surfer2@bmm,4840,324,6392,6392,646,NULL,1061221,1061221,1061221,NULL,LIMIT,BUY,1,33,2018-08-17T04:57:24.272,2018-08-17T04:57:24.274
choice-moving,Surfer10@bmm,4848,324,6392,6392,649,NULL,1061222,1061222,1061222,1061540,LIMIT,BUY,1,12,2018-08-17T04:57:24.578,2018-08-17T05:03:11.416
choice-moving,Surfer12@bmm,4850,324,6392,6392,649,NULL,1061223,1061223,1061223,NULL,LIMIT,BUY,1,4,2018-08-17T04:57:25.758,2018-08-17T04:57:25.760
choice-moving,Surfer18@bmm,4856,324,6392,6392,649,NULL,1061224,1061224,1061224,1061246,LIMIT,BUY,1,22,2018-08-17T04:57:27.072,2018-08-17T04:57:47.642
choice-moving,Surfer10@bmm,4848,324,6392,6392,649,NULL,1061225,1061225,1061225,1061541,LIMIT,BUY,1,9,2018-08-17T04:57:27.274,2018-08-17T05:03:12.333
choice-moving,Surfer5@bmm,4843,324,6392,6392,646,NULL,1061226,1061226,1061226,NULL,LIMIT,BUY,1,0,2018-08-17T04:57:28.218,2018-08-17T04:57:28.221
choice-moving,Surfer2@bmm,4840,324,6392,6392,647,NULL,1061227,1061227,1061227,0,LIMIT,SELL,1,23,2018-08-17T04:57:28.502,2018-08-17T04:57:28.511
choice-moving,Surfer2@bmm,4840,324,6392,6392,647,NULL,1061228,1061227,1061227,1061189,LIMIT,SELL,1,100,2018-08-17T04:57:28.508,2018-08-17T04:57:28.511
choice-moving,Surfer2@bmm,4840,324,6392,6392,647,NULL,1061229,1061229,1061229,0,LIMIT,SELL,1,23,2018-08-17T04:57:29.734,2018-08-17T04:57:29.743
choice-moving,Surfer2@bmm,4840,324,6392,6392,647,NULL,1061230,1061229,1061229,1061195,LIMIT,SELL,1,100,2018-08-17T04:57:29.740,2018-08-17T04:57:29.743
choice-moving,Surfer4@bmm,4842,324,6392,6392,649,NULL,1061231,1061231,1061231,NULL,LIMIT,BUY,1,0,2018-08-17T04:57:30.424,2018-08-17T04:57:30.426
choice-moving,Surfer2@bmm,4840,324,6392,6392,647,NULL,1061232,1061232,1061232,0,LIMIT,SELL,1,23,2018-08-17T04:57:30.568,2018-08-17T04:57:30.575
choice-moving,Surfer2@bmm,4840,324,6392,6392,647,NULL,1061233,1061232,1061232,1061176,LIMIT,SELL,1,99,2018-08-17T04:57:30.572,2018-08-17T04:57:30.575
choice-moving,Surfer4@bmm,4842,324,6392,6392,649,NULL,1061234,1061234,1061234,NULL,LIMIT,BUY,1,0,2018-08-17T04:57:30.595,2018-08-17T04:57:30.599
choice-moving,Surfer3@bmm,4841,324,6392,6392,646,NULL,1061235,1061149,1061149,1061149,CANCEL,BUY,1,48,2018-08-17T04:57:31.150,2018-08-17T04:57:31.154
choice-moving,Surfer2@bmm,4840,324,6392,6392,647,NULL,1061236,1061236,1061236,0,LIMIT,SELL,1,23,2018-08-17T04:57:31.401,2018-08-17T04:57:31.409
choice-moving,Surfer2@bmm,4840,324,6392,6392,647,NULL,1061237,1061236,1061236,1061197,LIMIT,SELL,1,99,2018-08-17T04:57:31.406,2018-08-17T04:57:31.409
choice-moving,Surfer18@bmm,4856,324,6392,6392,647,NULL,1061238,1061160,1061160,1061160,CANCEL,BUY,1,82,2018-08-17T04:57:32.543,2018-08-17T04:57:32.547
choice-moving,Surfer8@bmm,4846,324,6392,6392,649,NULL,1061239,1061239,1061239,1061241,LIMIT,SELL,1,25,2018-08-17T04:57:38.535,2018-08-17T04:57:42.937
choice-moving,Surfer19@bmm,4857,324,6392,6392,648,NULL,1061240,1061240,1061240,1061275,LIMIT,BUY,1,99,2018-08-17T04:57:42.181,2018-08-17T04:58:12.554
choice-moving,Surfer18@bmm,4856,324,6392,6392,649,NULL,1061241,1061241,1061241,1061239,LIMIT,BUY,1,25,2018-08-17T04:57:42.932,2018-08-17T04:57:42.937
choice-moving,Surfer11@bmm,4849,324,6392,6392,649,NULL,1061242,1061242,1061242,NULL,LIMIT,BUY,1,25,2018-08-17T04:57:43.493,2018-08-17T04:57:43.496
choice-moving,Surfer10@bmm,4848,324,6392,6392,649,NULL,1061243,1061243,1061243,1061318,LIMIT,BUY,1,37,2018-08-17T04:57:43.598,2018-08-17T04:58:50.398
choice-moving,Surfer15@bmm,4853,324,6392,6392,648,NULL,1061244,1061244,1061244,1061307,LIMIT,BUY,1,99,2018-08-17T04:57:44.063,2018-08-17T04:58:38.117
choice-moving,Surfer4@bmm,4842,324,6392,6392,649,NULL,1061245,1061245,1061245,1061255,LIMIT,BUY,1,99,2018-08-17T04:57:46.131,2018-08-17T04:57:54.597
choice-moving,Surfer18@bmm,4856,324,6392,6392,649,NULL,1061246,1061224,1061224,1061224,CANCEL,BUY,1,22,2018-08-17T04:57:47.637,2018-08-17T04:57:47.642
choice-moving,Surfer13@bmm,4851,324,6392,6392,648,NULL,1061247,1061247,1061247,1061347,LIMIT,BUY,1,99,2018-08-17T04:57:49.924,2018-08-17T04:59:10.385
choice-moving,Surfer2@bmm,4840,324,6392,6392,646,NULL,1061248,1061248,1061248,NULL,LIMIT,BUY,1,17,2018-08-17T04:57:50.422,2018-08-17T04:57:50.424
choice-moving,Surfer10@bmm,4848,324,6392,6392,649,NULL,1061249,1061249,1061249,1061262,LIMIT,BUY,1,43,2018-08-17T04:57:50.858,2018-08-17T04:57:58.836
choice-moving,Surfer2@bmm,4840,324,6392,6392,646,NULL,1061250,1061250,1061250,NULL,LIMIT,BUY,1,17,2018-08-17T04:57:51.679,2018-08-17T04:57:51.681
choice-moving,Surfer17@bmm,4855,324,6392,6392,649,NULL,1061251,1061251,1061251,1061257,LIMIT,BUY,1,71,2018-08-17T04:57:52.038,2018-08-17T04:57:56.352
choice-moving,Surfer10@bmm,4848,324,6392,6392,648,NULL,1061252,1061252,1061252,1061312,LIMIT,BUY,1,42,2018-08-17T04:57:54.139,2018-08-17T04:58:45.233
choice-moving,Surfer17@bmm,4855,324,6392,6392,649,NULL,1061253,1061253,1061253,1061259,LIMIT,BUY,1,71,2018-08-17T04:57:54.396,2018-08-17T04:57:57.590
choice-moving,Surfer2@bmm,4840,324,6392,6392,649,NULL,1061254,1061254,1061254,0,LIMIT,SELL,1,24,2018-08-17T04:57:54.589,2018-08-17T04:57:54.597
choice-moving,Surfer2@bmm,4840,324,6392,6392,649,NULL,1061255,1061254,1061254,1061245,LIMIT,SELL,1,99,2018-08-17T04:57:54.594,2018-08-17T04:57:54.597
choice-moving,Surfer2@bmm,4840,324,6392,6392,649,NULL,1061256,1061256,1061256,0,LIMIT,SELL,1,24,2018-08-17T04:57:56.343,2018-08-17T04:57:56.352
choice-moving,Surfer2@bmm,4840,324,6392,6392,649,NULL,1061257,1061256,1061256,1061251,LIMIT,SELL,1,71,2018-08-17T04:57:56.349,2018-08-17T04:57:56.352
choice-moving,Surfer2@bmm,4840,324,6392,6392,649,NULL,1061258,1061258,1061258,0,LIMIT,SELL,1,24,2018-08-17T04:57:57.582,2018-08-17T04:57:57.590
choice-moving,Surfer2@bmm,4840,324,6392,6392,649,NULL,1061259,1061258,1061258,1061253,LIMIT,SELL,1,71,2018-08-17T04:57:57.587,2018-08-17T04:57:57.590
choice-moving,Surfer4@bmm,4842,324,6392,6392,647,NULL,1061260,1061260,1061260,1061266,LIMIT,BUY,1,98,2018-08-17T04:57:57.978,2018-08-17T04:58:03.095
choice-moving,Surfer2@bmm,4840,324,6392,6392,649,NULL,1061261,1061261,1061261,0,LIMIT,SELL,1,24,2018-08-17T04:57:58.822,2018-08-17T04:57:58.836
choice-moving,Surfer2@bmm,4840,324,6392,6392,649,NULL,1061262,1061261,1061261,1061249,LIMIT,SELL,1,43,2018-08-17T04:57:58.832,2018-08-17T04:57:58.836
choice-moving,Surfer7@bmm,4845,324,6392,6392,648,NULL,1061263,1061263,1061263,0,LIMIT,SELL,1,90,2018-08-17T04:58:00.887,2018-08-17T04:58:00.895
choice-moving,Surfer7@bmm,4845,324,6392,6392,648,NULL,1061264,1061263,1061263,1061210,LIMIT,SELL,1,99,2018-08-17T04:58:00.892,2018-08-17T04:58:00.895
choice-moving,Surfer4@bmm,4842,324,6392,6392,647,NULL,1061265,1061265,1061265,1061500,LIMIT,BUY,1,99,2018-08-17T04:58:01.779,2018-08-17T05:02:25.551
choice-moving,Surfer4@bmm,4842,324,6392,6392,647,NULL,1061266,1061260,1061260,1061260,CANCEL,BUY,1,98,2018-08-17T04:58:03.090,2018-08-17T04:58:03.094
choice-moving,Surfer10@bmm,4848,324,6392,6392,647,NULL,1061267,1061267,1061267,1061432,LIMIT,BUY,1,98,2018-08-17T04:58:04.202,2018-08-17T05:00:20.812
choice-moving,Surfer2@bmm,4840,324,6392,6392,646,NULL,1061268,1061268,1061268,NULL,LIMIT,BUY,1,49,2018-08-17T04:58:04.471,2018-08-17T04:58:04.479
choice-moving,Surfer2@bmm,4840,324,6392,6392,646,NULL,1061269,1061269,1061269,NULL,LIMIT,BUY,1,49,2018-08-17T04:58:05.560,2018-08-17T04:58:05.562
choice-moving,Surfer2@bmm,4840,324,6392,6392,646,NULL,1061270,1061270,1061270,NULL,LIMIT,BUY,1,49,2018-08-17T04:58:06.483,2018-08-17T04:58:06.485
choice-moving,Surfer2@bmm,4840,324,6392,6392,646,NULL,1061271,1061271,1061271,NULL,LIMIT,BUY,1,49,2018-08-17T04:58:07.360,2018-08-17T04:58:07.363
choice-moving,Surfer10@bmm,4848,324,6392,6392,646,NULL,1061272,1061272,1061272,1061379,LIMIT,BUY,1,98,2018-08-17T04:58:08.387,2018-08-17T04:59:27.651
choice-moving,Surfer11@bmm,4849,324,6392,6392,649,NULL,1061273,1061273,1061273,NULL,LIMIT,BUY,1,52,2018-08-17T04:58:09.720,2018-08-17T04:58:09.722
choice-moving,Surfer18@bmm,4856,324,6392,6392,649,NULL,1061274,1061274,1061274,1061277,LIMIT,BUY,1,50,2018-08-17T04:58:10.189,2018-08-17T04:58:15.176
choice-moving,Surfer7@bmm,4845,324,6392,6392,648,NULL,1061275,1061275,1061275,1061240,LIMIT,SELL,1,99,2018-08-17T04:58:12.546,2018-08-17T04:58:12.554
choice-moving,Surfer18@bmm,4856,324,6392,6392,649,NULL,1061276,1061276,1061276,1061285,LIMIT,BUY,1,60,2018-08-17T04:58:13.656,2018-08-17T04:58:24.153
choice-moving,Surfer18@bmm,4856,324,6392,6392,649,NULL,1061277,1061274,1061274,1061274,CANCEL,BUY,1,50,2018-08-17T04:58:15.171,2018-08-17T04:58:15.176
choice-moving,Surfer13@bmm,4851,324,6392,6392,649,NULL,1061278,1061278,1061278,1061287,LIMIT,BUY,1,90,2018-08-17T04:58:17.112,2018-08-17T04:58:24.973
choice-moving,Surfer15@bmm,4853,324,6392,6392,646,NULL,1061279,1061279,1061279,1061341,LIMIT,BUY,1,99,2018-08-17T04:58:17.970,2018-08-17T04:59:05.427
choice-moving,Surfer9@bmm,4847,324,6392,6392,647,NULL,1061280,1061280,1061280,1061513,LIMIT,BUY,1,47,2018-08-17T04:58:20.961,2018-08-17T05:02:35.771
choice-moving,Surfer2@bmm,4840,324,6392,6392,649,NULL,1061281,1061281,1061281,NULL,LIMIT,BUY,1,60,2018-08-17T04:58:21.236,2018-08-17T04:58:21.238
choice-moving,Surfer18@bmm,4856,324,6392,6392,649,NULL,1061282,1061282,1061282,1061350,LIMIT,BUY,1,80,2018-08-17T04:58:21.942,2018-08-17T04:59:11.420
choice-moving,Surfer3@bmm,4841,324,6392,6392,649,NULL,1061283,1061283,1061283,1061503,LIMIT,BUY,1,94,2018-08-17T04:58:22.043,2018-08-17T05:02:27.756
choice-moving,Surfer10@bmm,4848,324,6392,6392,649,NULL,1061284,1061284,1061284,1061321,LIMIT,BUY,1,90,2018-08-17T04:58:23.136,2018-08-17T04:58:52.341
choice-moving,Surfer18@bmm,4856,324,6392,6392,649,NULL,1061285,1061276,1061276,1061276,CANCEL,BUY,1,60,2018-08-17T04:58:24.148,2018-08-17T04:58:24.152
choice-moving,Surfer2@bmm,4840,324,6392,6392,648,NULL,1061286,1061286,1061286,NULL,LIMIT,BUY,1,55,2018-08-17T04:58:24.614,2018-08-17T04:58:24.616
choice-moving,Surfer13@bmm,4851,324,6392,6392,649,NULL,1061287,1061278,1061278,1061278,CANCEL,BUY,1,90,2018-08-17T04:58:24.968,2018-08-17T04:58:24.972
choice-moving,Surfer3@bmm,4841,324,6392,6392,649,NULL,1061288,1061288,1061288,1061504,LIMIT,BUY,1,97,2018-08-17T04:58:25.029,2018-08-17T05:02:28.688
choice-moving,Surfer15@bmm,4853,324,6392,6392,647,NULL,1061289,1061289,1061289,1061509,LIMIT,BUY,1,99,2018-08-17T04:58:25.357,2018-08-17T05:02:32.381
choice-moving,Surfer11@bmm,4849,324,6392,6392,649,NULL,1061290,1061290,1061290,1061305,LIMIT,BUY,1,99,2018-08-17T04:58:26.314,2018-08-17T04:58:37.987
choice-moving,Surfer2@bmm,4840,324,6392,6392,647,NULL,1061291,1061291,1061291,NULL,LIMIT,BUY,1,56,2018-08-17T04:58:27.799,2018-08-17T04:58:27.801
choice-moving,Surfer1@bmm,4839,324,6392,6392,648,NULL,1061292,1061292,1061292,NULL,LIMIT,BUY,1,60,2018-08-17T04:58:28.076,2018-08-17T04:58:28.078
choice-moving,Surfer8@bmm,4846,324,6392,6392,646,NULL,1061293,1061293,1061293,1061326,LIMIT,BUY,1,100,2018-08-17T04:58:28.258,2018-08-17T04:58:55.195
choice-moving,Surfer4@bmm,4842,324,6392,6392,649,NULL,1061294,1061294,1061294,1061317,LIMIT,SELL,1,100,2018-08-17T04:58:28.389,2018-08-17T04:58:50.330
choice-moving,Surfer17@bmm,4855,324,6392,6392,648,NULL,1061295,1061295,1061295,1061355,LIMIT,SELL,1,100,2018-08-17T04:58:28.670,2018-08-17T04:59:14.869
choice-moving,Surfer6@bmm,4844,324,6392,6392,649,NULL,1061296,1061296,1061296,NULL,LIMIT,BUY,1,80,2018-08-17T04:58:29.731,2018-08-17T04:58:29.733
choice-moving,Surfer13@bmm,4851,324,6392,6392,649,NULL,1061297,1061297,1061297,1061311,LIMIT,BUY,1,99,2018-08-17T04:58:29.751,2018-08-17T04:58:44.706
choice-moving,Surfer10@bmm,4848,324,6392,6392,649,NULL,1061298,1061298,1061298,1061320,LIMIT,BUY,1,99,2018-08-17T04:58:30.235,2018-08-17T04:58:50.833
choice-moving,Surfer2@bmm,4840,324,6392,6392,649,NULL,1061299,1061299,1061299,NULL,LIMIT,BUY,1,23,2018-08-17T04:58:31.208,2018-08-17T04:58:31.210
choice-moving,Surfer8@bmm,4846,324,6392,6392,647,NULL,1061300,1061300,1061300,1061423,LIMIT,BUY,1,100,2018-08-17T04:58:31.239,2018-08-17T05:00:04.840
choice-moving,Surfer17@bmm,4855,324,6392,6392,648,NULL,1061301,1061301,1061301,1061346,LIMIT,SELL,1,100,2018-08-17T04:58:34.282,2018-08-17T04:59:10.053
choice-moving,Surfer10@bmm,4848,324,6392,6392,648,NULL,1061302,1061302,1061302,1061361,LIMIT,BUY,1,99,2018-08-17T04:58:34.997,2018-08-17T04:59:17.664
choice-moving,Surfer1@bmm,4839,324,6392,6392,648,NULL,1061303,1061303,1061303,1061377,LIMIT,BUY,1,94,2018-08-17T04:58:35.710,2018-08-17T04:59:26.589
choice-moving,Surfer14@bmm,4852,324,6392,6392,649,NULL,1061304,1061304,1061304,0,LIMIT,SELL,1,14,2018-08-17T04:58:37.979,2018-08-17T04:58:37.987
choice-moving,Surfer14@bmm,4852,324,6392,6392,649,NULL,1061305,1061304,1061304,1061290,LIMIT,SELL,1,99,2018-08-17T04:58:37.983,2018-08-17T04:58:37.987
choice-moving,Surfer9@bmm,4847,324,6392,6392,648,NULL,1061306,1061306,1061306,0,LIMIT,SELL,1,60,2018-08-17T04:58:38.109,2018-08-17T04:58:38.117
choice-moving,Surfer9@bmm,4847,324,6392,6392,648,NULL,1061307,1061306,1061306,1061244,LIMIT,SELL,1,99,2018-08-17T04:58:38.114,2018-08-17T04:58:38.117
choice-moving,Surfer10@bmm,4848,324,6392,6392,646,NULL,1061308,1061308,1061308,1061384,LIMIT,BUY,1,99,2018-08-17T04:58:40.157,2018-08-17T04:59:29.402
choice-moving,Surfer17@bmm,4855,324,6392,6392,649,NULL,1061309,1061309,1061309,1061375,LIMIT,SELL,1,100,2018-08-17T04:58:43.058,2018-08-17T04:59:26.559
choice-moving,Surfer14@bmm,4852,324,6392,6392,649,NULL,1061310,1061310,1061310,0,LIMIT,SELL,1,58,2018-08-17T04:58:44.698,2018-08-17T04:58:44.706
choice-moving,Surfer14@bmm,4852,324,6392,6392,649,NULL,1061311,1061310,1061310,1061297,LIMIT,SELL,1,99,2018-08-17T04:58:44.703,2018-08-17T04:58:44.706
choice-moving,Surfer10@bmm,4848,324,6392,6392,648,NULL,1061312,1061252,1061252,1061252,CANCEL,BUY,1,42,2018-08-17T04:58:45.228,2018-08-17T04:58:45.233
choice-moving,Surfer10@bmm,4848,324,6392,6392,648,NULL,1061313,1061157,1061157,1061157,CANCEL,BUY,1,3,2018-08-17T04:58:46.058,2018-08-17T04:58:46.062
choice-moving,Surfer10@bmm,4848,324,6392,6392,648,NULL,1061314,1061155,1061155,1061155,CANCEL,BUY,1,0,2018-08-17T04:58:46.625,2018-08-17T04:58:46.629
choice-moving,Surfer8@bmm,4846,324,6392,6392,649,NULL,1061315,1061315,1061315,1061409,LIMIT,SELL,1,100,2018-08-17T04:58:48.095,2018-08-17T04:59:49.776
choice-moving,Surfer2@bmm,4840,324,6392,6392,649,NULL,1061316,1061316,1061316,NULL,LIMIT,BUY,1,16,2018-08-17T04:58:49.288,2018-08-17T04:58:49.290
choice-moving,Surfer6@bmm,4844,324,6392,6392,649,NULL,1061317,1061317,1061317,1061294,LIMIT,BUY,1,100,2018-08-17T04:58:50.325,2018-08-17T04:58:50.330
choice-moving,Surfer10@bmm,4848,324,6392,6392,649,NULL,1061318,1061243,1061243,1061243,CANCEL,BUY,1,37,2018-08-17T04:58:50.393,2018-08-17T04:58:50.398
choice-moving,Surfer2@bmm,4840,324,6392,6392,649,NULL,1061319,1061319,1061319,NULL,LIMIT,BUY,1,16,2018-08-17T04:58:50.688,2018-08-17T04:58:50.691
choice-moving,Surfer14@bmm,4852,324,6392,6392,649,NULL,1061320,1061320,1061320,1061298,LIMIT,SELL,1,99,2018-08-17T04:58:50.827,2018-08-17T04:58:50.832
choice-moving,Surfer10@bmm,4848,324,6392,6392,649,NULL,1061321,1061284,1061284,1061284,CANCEL,BUY,1,90,2018-08-17T04:58:52.337,2018-08-17T04:58:52.341
choice-moving,Surfer9@bmm,4847,324,6392,6392,648,NULL,1061322,1061322,1061322,1061374,LIMIT,SELL,1,100,2018-08-17T04:58:52.715,2018-08-17T04:59:25.844
choice-moving,Surfer1@bmm,4839,324,6392,6392,647,NULL,1061323,1061323,1061323,NULL,LIMIT,BUY,1,84,2018-08-17T04:58:53.858,2018-08-17T04:58:53.860
choice-moving,Surfer2@bmm,4840,324,6392,6392,648,NULL,1061324,1061324,1061324,NULL,LIMIT,BUY,1,18,2018-08-17T04:58:54.775,2018-08-17T04:58:54.778
choice-moving,Surfer5@bmm,4843,324,6392,6392,646,NULL,1061325,1061325,1061325,0,LIMIT,SELL,1,0,2018-08-17T04:58:55.185,2018-08-17T04:58:55.195
choice-moving,Surfer5@bmm,4843,324,6392,6392,646,NULL,1061326,1061325,1061325,1061293,LIMIT,SELL,1,100,2018-08-17T04:58:55.191,2018-08-17T04:58:55.195
choice-moving,Surfer2@bmm,4840,324,6392,6392,648,NULL,1061327,1061327,1061327,NULL,LIMIT,BUY,1,18,2018-08-17T04:58:55.662,2018-08-17T04:58:55.664
choice-moving,Surfer14@bmm,4852,324,6392,6392,649,NULL,1061328,1061328,1061328,1061342,LIMIT,SELL,1,99,2018-08-17T04:58:56.743,2018-08-17T04:59:05.965
choice-moving,Surfer17@bmm,4855,324,6392,6392,646,NULL,1061329,1061329,1061329,1061415,LIMIT,SELL,1,100,2018-08-17T04:58:57.077,2018-08-17T04:59:56.028
choice-moving,Surfer2@bmm,4840,324,6392,6392,647,NULL,1061330,1061330,1061330,NULL,LIMIT,BUY,1,17,2018-08-17T04:58:59.230,2018-08-17T04:58:59.233
choice-moving,Surfer10@bmm,4848,324,6392,6392,649,NULL,1061331,1061331,1061331,1061333,LIMIT,BUY,1,98,2018-08-17T04:59:00.481,2018-08-17T04:59:00.502
choice-moving,Surfer8@bmm,4846,324,6392,6392,649,NULL,1061332,1061332,1061332,0,LIMIT,SELL,1,97,2018-08-17T04:59:00.494,2018-08-17T04:59:00.502
choice-moving,Surfer8@bmm,4846,324,6392,6392,649,NULL,1061333,1061332,1061332,1061331,LIMIT,SELL,1,98,2018-08-17T04:59:00.499,2018-08-17T04:59:00.502
choice-moving,Surfer5@bmm,4843,324,6392,6392,646,NULL,1061334,1061334,1061334,0,LIMIT,SELL,1,0,2018-08-17T04:59:00.843,2018-08-17T04:59:00.853
choice-moving,Surfer5@bmm,4843,324,6392,6392,646,NULL,1061335,1061334,1061334,1061171,LIMIT,SELL,1,99,2018-08-17T04:59:00.849,2018-08-17T04:59:00.872
choice-moving,Surfer2@bmm,4840,324,6392,6392,646,NULL,1061336,1061336,1061336,NULL,LIMIT,BUY,1,28,2018-08-17T04:59:02.105,2018-08-17T04:59:02.108
choice-moving,Surfer5@bmm,4843,324,6392,6392,646,NULL,1061337,1061337,1061337,0,LIMIT,SELL,1,0,2018-08-17T04:59:03.293,2018-08-17T04:59:03.302
choice-moving,Surfer5@bmm,4843,324,6392,6392,646,NULL,1061338,1061337,1061337,1061172,LIMIT,SELL,1,99,2018-08-17T04:59:03.299,2018-08-17T04:59:03.302
choice-moving,Surfer2@bmm,4840,324,6392,6392,646,NULL,1061339,1061339,1061339,NULL,LIMIT,BUY,1,28,2018-08-17T04:59:05.072,2018-08-17T04:59:05.074
choice-moving,Surfer5@bmm,4843,324,6392,6392,646,NULL,1061340,1061340,1061340,0,LIMIT,SELL,1,0,2018-08-17T04:59:05.411,2018-08-17T04:59:05.426
choice-moving,Surfer5@bmm,4843,324,6392,6392,646,NULL,1061341,1061340,1061340,1061279,LIMIT,SELL,1,99,2018-08-17T04:59:05.415,2018-08-17T04:59:05.427
choice-moving,Surfer11@bmm,4849,324,6392,6392,649,NULL,1061342,1061342,1061342,1061328,LIMIT,BUY,1,99,2018-08-17T04:59:05.960,2018-08-17T04:59:05.965
choice-moving,Surfer1@bmm,4839,324,6392,6392,646,NULL,1061343,1061343,1061343,NULL,LIMIT,BUY,1,90,2018-08-17T04:59:06.341,2018-08-17T04:59:06.343
choice-moving,Surfer2@bmm,4840,324,6392,6392,646,NULL,1061344,1061344,1061344,NULL,LIMIT,BUY,1,28,2018-08-17T04:59:07.632,2018-08-17T04:59:07.634
choice-moving,Surfer18@bmm,4856,324,6392,6392,649,NULL,1061345,1061345,1061345,1061373,LIMIT,BUY,1,99,2018-08-17T04:59:09.442,2018-08-17T04:59:25.163
choice-moving,Surfer17@bmm,4855,324,6392,6392,648,NULL,1061346,1061301,1061301,1061301,CANCEL,SELL,1,100,2018-08-17T04:59:10.048,2018-08-17T04:59:10.053
choice-moving,Surfer7@bmm,4845,324,6392,6392,648,NULL,1061347,1061347,1061347,1061247,LIMIT,SELL,1,99,2018-08-17T04:59:10.377,2018-08-17T04:59:10.384
choice-moving,Surfer10@bmm,4848,324,6392,6392,647,NULL,1061348,1061168,1061168,1061168,CANCEL,BUY,1,34,2018-08-17T04:59:10.569,2018-08-17T04:59:10.573
choice-moving,Surfer1@bmm,4839,324,6392,6392,646,NULL,1061349,1061349,1061349,NULL,LIMIT,BUY,1,90,2018-08-17T04:59:10.689,2018-08-17T04:59:10.691
choice-moving,Surfer18@bmm,4856,324,6392,6392,649,NULL,1061350,1061282,1061282,1061282,CANCEL,BUY,1,80,2018-08-17T04:59:11.415,2018-08-17T04:59:11.420
choice-moving,Surfer2@bmm,4840,324,6392,6392,649,NULL,1061351,1061351,1061351,NULL,LIMIT,BUY,1,25,2018-08-17T04:59:12.103,2018-08-17T04:59:12.105
choice-moving,Surfer4@bmm,4842,324,6392,6392,649,NULL,1061352,1061352,1061352,1061389,LIMIT,BUY,1,99,2018-08-17T04:59:13.252,2018-08-17T04:59:30.991
choice-moving,Surfer2@bmm,4840,324,6392,6392,649,NULL,1061353,1061353,1061353,NULL,LIMIT,BUY,1,25,2018-08-17T04:59:13.808,2018-08-17T04:59:13.810
choice-moving,Surfer16@bmm,4854,324,6392,6392,647,NULL,1061354,1061354,1061354,NULL,LIMIT,BUY,1,3,2018-08-17T04:59:14.753,2018-08-17T04:59:14.755
choice-moving,Surfer17@bmm,4855,324,6392,6392,648,NULL,1061355,1061295,1061295,1061295,CANCEL,SELL,1,100,2018-08-17T04:59:14.864,2018-08-17T04:59:14.868
choice-moving,Surfer6@bmm,4844,324,6392,6392,649,NULL,1061356,1061356,1061356,1061390,LIMIT,BUY,1,99,2018-08-17T04:59:15.271,2018-08-17T04:59:31.713
choice-moving,Surfer2@bmm,4840,324,6392,6392,649,NULL,1061357,1061357,1061357,NULL,LIMIT,BUY,1,25,2018-08-17T04:59:16.451,2018-08-17T04:59:16.453
choice-moving,Surfer16@bmm,4854,324,6392,6392,647,NULL,1061358,1061358,1061358,NULL,LIMIT,BUY,1,5,2018-08-17T04:59:16.961,2018-08-17T04:59:16.964
choice-moving,Surfer10@bmm,4848,324,6392,6392,649,NULL,1061359,1061359,1061359,1061392,LIMIT,BUY,1,99,2018-08-17T04:59:17.038,2018-08-17T04:59:33.039
choice-moving,Surfer1@bmm,4839,324,6392,6392,646,NULL,1061360,1061360,1061360,NULL,LIMIT,BUY,1,96,2018-08-17T04:59:17.532,2018-08-17T04:59:17.534
choice-moving,Surfer17@bmm,4855,324,6392,6392,648,NULL,1061361,1061361,1061361,1061302,LIMIT,SELL,1,99,2018-08-17T04:59:17.659,2018-08-17T04:59:17.664
choice-moving,Surfer16@bmm,4854,324,6392,6392,647,NULL,1061362,1061362,1061362,NULL,LIMIT,BUY,1,17,2018-08-17T04:59:20.247,2018-08-17T04:59:20.249
choice-moving,Surfer5@bmm,4843,324,6392,6392,648,NULL,1061363,1061363,1061363,0,LIMIT,SELL,1,0,2018-08-17T04:59:20.611,2018-08-17T04:59:20.622
choice-moving,Surfer5@bmm,4843,324,6392,6392,648,NULL,1061364,1061363,1061363,1061206,LIMIT,SELL,1,98,2018-08-17T04:59:20.618,2018-08-17T04:59:20.622
choice-moving,Surfer2@bmm,4840,324,6392,6392,648,NULL,1061365,1061365,1061365,NULL,LIMIT,BUY,1,22,2018-08-17T04:59:21.151,2018-08-17T04:59:21.154
choice-moving,Surfer10@bmm,4848,324,6392,6392,648,NULL,1061366,1061154,1061154,1061154,CANCEL,BUY,1,0,2018-08-17T04:59:21.697,2018-08-17T04:59:21.702
choice-moving,Surfer2@bmm,4840,324,6392,6392,648,NULL,1061367,1061367,1061367,NULL,LIMIT,BUY,1,22,2018-08-17T04:59:22.151,2018-08-17T04:59:22.154
choice-moving,Surfer17@bmm,4855,324,6392,6392,648,NULL,1061368,1061368,1061368,1061371,LIMIT,SELL,1,98,2018-08-17T04:59:22.877,2018-08-17T04:59:24.744
choice-moving,Surfer2@bmm,4840,324,6392,6392,648,NULL,1061369,1061369,1061369,NULL,LIMIT,BUY,1,22,2018-08-17T04:59:23.424,2018-08-17T04:59:23.426
choice-moving,Surfer4@bmm,4842,324,6392,6392,648,NULL,1061370,1061370,1061370,0,LIMIT,BUY,1,99,2018-08-17T04:59:24.736,2018-08-17T04:59:24.744
choice-moving,Surfer4@bmm,4842,324,6392,6392,648,NULL,1061371,1061370,1061370,1061368,LIMIT,BUY,1,98,2018-08-17T04:59:24.740,2018-08-17T04:59:24.744
choice-moving,Surfer16@bmm,4854,324,6392,6392,649,NULL,1061372,1061372,1061372,0,LIMIT,SELL,1,0,2018-08-17T04:59:25.155,2018-08-17T04:59:25.163
choice-moving,Surfer16@bmm,4854,324,6392,6392,649,NULL,1061373,1061372,1061372,1061345,LIMIT,SELL,1,99,2018-08-17T04:59:25.159,2018-08-17T04:59:25.163
choice-moving,Surfer6@bmm,4844,324,6392,6392,648,NULL,1061374,1061374,1061374,1061322,LIMIT,BUY,1,100,2018-08-17T04:59:25.837,2018-08-17T04:59:25.843
choice-moving,Surfer17@bmm,4855,324,6392,6392,649,NULL,1061375,1061309,1061309,1061309,CANCEL,SELL,1,100,2018-08-17T04:59:26.554,2018-08-17T04:59:26.558
choice-moving,Surfer5@bmm,4843,324,6392,6392,648,NULL,1061376,1061376,1061376,0,LIMIT,SELL,1,0,2018-08-17T04:59:26.581,2018-08-17T04:59:26.589
choice-moving,Surfer5@bmm,4843,324,6392,6392,648,NULL,1061377,1061376,1061376,1061303,LIMIT,SELL,1,94,2018-08-17T04:59:26.586,2018-08-17T04:59:26.590
choice-moving,Surfer2@bmm,4840,324,6392,6392,648,NULL,1061378,1061378,1061378,NULL,LIMIT,BUY,1,22,2018-08-17T04:59:27.591,2018-08-17T04:59:27.593
choice-moving,Surfer10@bmm,4848,324,6392,6392,646,NULL,1061379,1061272,1061272,1061272,CANCEL,BUY,1,98,2018-08-17T04:59:27.646,2018-08-17T04:59:27.651
choice-moving,Surfer5@bmm,4843,324,6392,6392,648,NULL,1061380,1061380,1061380,0,LIMIT,SELL,1,0,2018-08-17T04:59:28.275,2018-08-17T04:59:28.283
choice-moving,Surfer5@bmm,4843,324,6392,6392,648,NULL,1061381,1061380,1061380,1061202,LIMIT,SELL,1,93,2018-08-17T04:59:28.280,2018-08-17T04:59:28.283
choice-moving,Surfer2@bmm,4840,324,6392,6392,648,NULL,1061382,1061382,1061382,NULL,LIMIT,BUY,1,22,2018-08-17T04:59:28.790,2018-08-17T04:59:28.793
choice-moving,Surfer9@bmm,4847,324,6392,6392,646,NULL,1061383,1061383,1061383,0,LIMIT,SELL,1,60,2018-08-17T04:59:29.394,2018-08-17T04:59:29.402
choice-moving,Surfer9@bmm,4847,324,6392,6392,646,NULL,1061384,1061383,1061383,1061308,LIMIT,SELL,1,99,2018-08-17T04:59:29.399,2018-08-17T04:59:29.402
choice-moving,Surfer5@bmm,4843,324,6392,6392,648,NULL,1061385,1061385,1061385,0,LIMIT,SELL,1,0,2018-08-17T04:59:29.440,2018-08-17T04:59:29.448
choice-moving,Surfer5@bmm,4843,324,6392,6392,648,NULL,1061386,1061385,1061385,1061207,LIMIT,SELL,1,93,2018-08-17T04:59:29.445,2018-08-17T04:59:29.448
choice-moving,Surfer1@bmm,4839,324,6392,6392,646,NULL,1061387,1061387,1061387,NULL,LIMIT,BUY,1,98,2018-08-17T04:59:29.571,2018-08-17T04:59:29.573
choice-moving,Surfer16@bmm,4854,324,6392,6392,649,NULL,1061388,1061388,1061388,0,LIMIT,SELL,1,6,2018-08-17T04:59:30.982,2018-08-17T04:59:30.991
choice-moving,Surfer16@bmm,4854,324,6392,6392,649,NULL,1061389,1061388,1061388,1061352,LIMIT,SELL,1,99,2018-08-17T04:59:30.988,2018-08-17T04:59:30.991
choice-moving,Surfer17@bmm,4855,324,6392,6392,649,NULL,1061390,1061390,1061390,1061356,LIMIT,SELL,1,99,2018-08-17T04:59:31.707,2018-08-17T04:59:31.713
choice-moving,Surfer16@bmm,4854,324,6392,6392,649,NULL,1061391,1061391,1061391,0,LIMIT,SELL,1,9,2018-08-17T04:59:33.031,2018-08-17T04:59:33.038
choice-moving,Surfer16@bmm,4854,324,6392,6392,649,NULL,1061392,1061391,1061391,1061359,LIMIT,SELL,1,99,2018-08-17T04:59:33.035,2018-08-17T04:59:33.039
choice-moving,Surfer2@bmm,4840,324,6392,6392,649,NULL,1061393,1061393,1061393,NULL,LIMIT,BUY,1,11,2018-08-17T04:59:33.568,2018-08-17T04:59:33.570
choice-moving,Surfer15@bmm,4853,324,6392,6392,648,NULL,1061394,1061394,1061394,1061530,LIMIT,BUY,1,99,2018-08-17T04:59:34.437,2018-08-17T05:02:52.716
choice-moving,Surfer2@bmm,4840,324,6392,6392,649,NULL,1061395,1061395,1061395,NULL,LIMIT,BUY,1,11,2018-08-17T04:59:34.455,2018-08-17T04:59:34.457
choice-moving,Surfer3@bmm,4841,324,6392,6392,648,NULL,1061396,1061396,1061396,1061508,LIMIT,BUY,1,83,2018-08-17T04:59:34.910,2018-08-17T05:02:31.768
choice-moving,Surfer10@bmm,4848,324,6392,6392,648,NULL,1061397,1061397,1061397,1061437,LIMIT,BUY,1,90,2018-08-17T04:59:35.470,2018-08-17T05:00:34.602
choice-moving,Surfer18@bmm,4856,324,6392,6392,648,NULL,1061398,1061398,1061398,NULL,LIMIT,BUY,1,95,2018-08-17T04:59:36.788,2018-08-17T04:59:36.791
choice-moving,Surfer8@bmm,4846,324,6392,6392,649,NULL,1061399,1061399,1061399,1061548,LIMIT,BUY,1,97,2018-08-17T04:59:39.492,2018-08-17T05:03:50.912
choice-moving,Surfer5@bmm,4843,324,6392,6392,647,NULL,1061400,1061400,1061400,NULL,LIMIT,BUY,1,0,2018-08-17T04:59:40.322,2018-08-17T04:59:40.324
choice-moving,Surfer2@bmm,4840,324,6392,6392,647,NULL,1061401,1061401,1061401,NULL,LIMIT,BUY,1,30,2018-08-17T04:59:43.568,2018-08-17T04:59:43.570
choice-moving,Surfer18@bmm,4856,324,6392,6392,649,NULL,1061402,1061402,1061402,NULL,LIMIT,BUY,1,95,2018-08-17T04:59:44.225,2018-08-17T04:59:44.228
choice-moving,Surfer6@bmm,4844,324,6392,6392,646,NULL,1061403,1061403,1061403,1061492,LIMIT,BUY,1,99,2018-08-17T04:59:44.601,2018-08-17T05:02:15.870
choice-moving,Surfer3@bmm,4841,324,6392,6392,646,NULL,1061404,1061150,1061150,1061150,CANCEL,BUY,1,82,2018-08-17T04:59:44.706,2018-08-17T04:59:44.711
choice-moving,Surfer11@bmm,4849,324,6392,6392,648,NULL,1061405,1061405,1061405,NULL,LIMIT,BUY,1,99,2018-08-17T04:59:45.749,2018-08-17T04:59:45.752
choice-moving,Surfer3@bmm,4841,324,6392,6392,646,NULL,1061406,1061147,1061147,1061147,CANCEL,BUY,1,83,2018-08-17T04:59:45.825,2018-08-17T04:59:45.829
choice-moving,Surfer3@bmm,4841,324,6392,6392,648,NULL,1061407,1061407,1061407,1061506,LIMIT,BUY,1,97,2018-08-17T04:59:48.063,2018-08-17T05:02:29.704
choice-moving,Surfer16@bmm,4854,324,6392,6392,647,NULL,1061408,1061408,1061408,NULL,LIMIT,BUY,1,0,2018-08-17T04:59:48.922,2018-08-17T04:59:48.924
choice-moving,Surfer8@bmm,4846,324,6392,6392,649,NULL,1061409,1061315,1061315,1061315,CANCEL,SELL,1,100,2018-08-17T04:59:49.766,2018-08-17T04:59:49.776
choice-moving,Surfer2@bmm,4840,324,6392,6392,648,NULL,1061410,1061410,1061410,NULL,LIMIT,BUY,1,14,2018-08-17T04:59:49.784,2018-08-17T04:59:49.786
choice-moving,Surfer16@bmm,4854,324,6392,6392,647,NULL,1061411,1061411,1061411,NULL,LIMIT,BUY,1,0,2018-08-17T04:59:51.156,2018-08-17T04:59:51.158
choice-moving,Surfer16@bmm,4854,324,6392,6392,647,NULL,1061412,1061412,1061412,NULL,LIMIT,BUY,1,0,2018-08-17T04:59:53.520,2018-08-17T04:59:53.522
choice-moving,Surfer9@bmm,4847,324,6392,6392,649,NULL,1061413,1061413,1061413,NULL,LIMIT,BUY,1,80,2018-08-17T04:59:53.658,2018-08-17T04:59:53.660
choice-moving,Surfer11@bmm,4849,324,6392,6392,649,NULL,1061414,1061414,1061414,1061469,LIMIT,BUY,1,99,2018-08-17T04:59:54.854,2018-08-17T05:01:28.385
choice-moving,Surfer8@bmm,4846,324,6392,6392,646,NULL,1061415,1061415,1061415,1061329,LIMIT,BUY,1,100,2018-08-17T04:59:56.022,2018-08-17T04:59:56.028
choice-moving,Surfer5@bmm,4843,324,6392,6392,647,NULL,1061416,1061416,1061416,NULL,LIMIT,BUY,1,0,2018-08-17T04:59:56.403,2018-08-17T04:59:56.405
choice-moving,Surfer2@bmm,4840,324,6392,6392,649,NULL,1061417,1061417,1061417,NULL,LIMIT,BUY,1,17,2018-08-17T04:59:58.712,2018-08-17T04:59:58.714
choice-moving,Surfer2@bmm,4840,324,6392,6392,646,NULL,1061418,1061418,1061418,NULL,LIMIT,BUY,1,19,2018-08-17T05:00:01.470,2018-08-17T05:00:01.473
choice-moving,Surfer8@bmm,4846,324,6392,6392,647,NULL,1061419,1061419,1061419,1061421,LIMIT,BUY,1,100,2018-08-17T05:00:01.747,2018-08-17T05:00:04.297
choice-moving,Surfer6@bmm,4844,324,6392,6392,649,NULL,1061420,1061420,1061420,NULL,LIMIT,BUY,1,99,2018-08-17T05:00:02.982,2018-08-17T05:00:02.985
choice-moving,Surfer8@bmm,4846,324,6392,6392,647,NULL,1061421,1061419,1061419,1061419,CANCEL,BUY,1,100,2018-08-17T05:00:04.292,2018-08-17T05:00:04.296
choice-moving,Surfer14@bmm,4852,324,6392,6392,648,NULL,1061422,1061422,1061422,NULL,LIMIT,BUY,1,99,2018-08-17T05:00:04.403,2018-08-17T05:00:04.405
choice-moving,Surfer8@bmm,4846,324,6392,6392,647,NULL,1061423,1061300,1061300,1061300,CANCEL,BUY,1,100,2018-08-17T05:00:04.835,2018-08-17T05:00:04.840
choice-moving,Surfer8@bmm,4846,324,6392,6392,647,NULL,1061424,1061424,1061424,1061447,LIMIT,BUY,1,100,2018-08-17T05:00:07.208,2018-08-17T05:00:43.931
choice-moving,Surfer2@bmm,4840,324,6392,6392,649,NULL,1061425,1061425,1061425,NULL,LIMIT,BUY,1,24,2018-08-17T05:00:07.423,2018-08-17T05:00:07.426
choice-moving,Surfer2@bmm,4840,324,6392,6392,649,NULL,1061426,1061426,1061426,NULL,LIMIT,BUY,1,24,2018-08-17T05:00:08.497,2018-08-17T05:00:08.500
choice-moving,Surfer5@bmm,4843,324,6392,6392,647,NULL,1061427,1061427,1061427,NULL,LIMIT,BUY,1,0,2018-08-17T05:00:08.724,2018-08-17T05:00:08.727
choice-moving,Surfer6@bmm,4844,324,6392,6392,649,NULL,1061428,1061428,1061428,NULL,LIMIT,BUY,1,98,2018-08-17T05:00:09.238,2018-08-17T05:00:09.240
choice-moving,Surfer2@bmm,4840,324,6392,6392,649,NULL,1061429,1061429,1061429,NULL,LIMIT,BUY,1,24,2018-08-17T05:00:09.375,2018-08-17T05:00:09.378
choice-moving,Surfer14@bmm,4852,324,6392,6392,647,NULL,1061430,1061430,1061430,1061516,LIMIT,BUY,1,99,2018-08-17T05:00:14.846,2018-08-17T05:02:37.612
choice-moving,Surfer5@bmm,4843,324,6392,6392,646,NULL,1061431,1061431,1061431,NULL,LIMIT,BUY,1,0,2018-08-17T05:00:16.522,2018-08-17T05:00:16.524
choice-moving,Surfer10@bmm,4848,324,6392,6392,647,NULL,1061432,1061267,1061267,1061267,CANCEL,BUY,1,98,2018-08-17T05:00:20.805,2018-08-17T05:00:20.812
choice-moving,Surfer10@bmm,4848,324,6392,6392,647,NULL,1061433,1061433,1061433,1061536,LIMIT,BUY,1,99,2018-08-17T05:00:23.619,2018-08-17T05:03:05.189
choice-moving,Surfer2@bmm,4840,324,6392,6392,649,NULL,1061434,1061434,1061434,NULL,LIMIT,BUY,1,12,2018-08-17T05:00:25.767,2018-08-17T05:00:25.769
choice-moving,Surfer15@bmm,4853,324,6392,6392,646,NULL,1061435,1061435,1061435,1061515,LIMIT,BUY,1,99,2018-08-17T05:00:26.848,2018-08-17T05:02:36.079
choice-moving,Surfer2@bmm,4840,324,6392,6392,649,NULL,1061436,1061436,1061436,1061462,LIMIT,BUY,1,100,2018-08-17T05:00:32.374,2018-08-17T05:01:12.340
choice-moving,Surfer10@bmm,4848,324,6392,6392,648,NULL,1061437,1061397,1061397,1061397,CANCEL,BUY,1,90,2018-08-17T05:00:34.595,2018-08-17T05:00:34.601
choice-moving,Surfer5@bmm,4843,324,6392,6392,646,NULL,1061438,1061438,1061438,NULL,LIMIT,BUY,1,0,2018-08-17T05:00:37.035,2018-08-17T05:00:37.039
choice-moving,Surfer2@bmm,4840,324,6392,6392,648,NULL,1061439,1061439,1061439,1061452,LIMIT,BUY,1,100,2018-08-17T05:00:38.119,2018-08-17T05:00:48.771
choice-moving,Surfer10@bmm,4848,324,6392,6392,648,NULL,1061440,1061440,1061440,1061538,LIMIT,BUY,1,99,2018-08-17T05:00:38.789,2018-08-17T05:03:07.990
choice-moving,Surfer14@bmm,4852,324,6392,6392,649,NULL,1061441,1061441,1061441,1061444,LIMIT,BUY,1,99,2018-08-17T05:00:40.256,2018-08-17T05:00:43.489
choice-moving,Surfer15@bmm,4853,324,6392,6392,649,NULL,1061442,1061442,1061442,1061539,LIMIT,BUY,1,99,2018-08-17T05:00:40.732,2018-08-17T05:03:10.207
choice-moving,Surfer2@bmm,4840,324,6392,6392,647,NULL,1061443,1061443,1061443,1061451,LIMIT,BUY,1,100,2018-08-17T05:00:42.921,2018-08-17T05:00:47.011
choice-moving,Surfer14@bmm,4852,324,6392,6392,649,NULL,1061444,1061441,1061441,1061441,CANCEL,BUY,1,99,2018-08-17T05:00:43.484,2018-08-17T05:00:43.488
choice-moving,Surfer4@bmm,4842,324,6392,6392,648,NULL,1061445,1061445,1061445,NULL,LIMIT,BUY,1,0,2018-08-17T05:00:43.794,2018-08-17T05:00:43.797
choice-moving,Surfer16@bmm,4854,324,6392,6392,647,NULL,1061446,1061446,1061446,0,LIMIT,SELL,1,51,2018-08-17T05:00:43.917,2018-08-17T05:00:43.931
choice-moving,Surfer16@bmm,4854,324,6392,6392,647,NULL,1061447,1061446,1061446,1061424,LIMIT,SELL,1,100,2018-08-17T05:00:43.927,2018-08-17T05:00:43.931
choice-moving,Surfer4@bmm,4842,324,6392,6392,648,NULL,1061448,1061448,1061448,1061528,LIMIT,BUY,1,0,2018-08-17T05:00:44.037,2018-08-17T05:02:50.755
choice-moving,Surfer4@bmm,4842,324,6392,6392,648,NULL,1061449,1061449,1061449,1061455,LIMIT,BUY,1,100,2018-08-17T05:00:46.570,2018-08-17T05:00:55.839
choice-moving,Surfer16@bmm,4854,324,6392,6392,647,NULL,1061450,1061450,1061450,0,LIMIT,SELL,1,51,2018-08-17T05:00:47.002,2018-08-17T05:00:47.011
choice-moving,Surfer16@bmm,4854,324,6392,6392,647,NULL,1061451,1061450,1061450,1061443,LIMIT,SELL,1,100,2018-08-17T05:00:47.008,2018-08-17T05:00:47.012
choice-moving,Surfer17@bmm,4855,324,6392,6392,648,NULL,1061452,1061452,1061452,1061439,LIMIT,SELL,1,100,2018-08-17T05:00:48.765,2018-08-17T05:00:48.770
choice-moving,Surfer9@bmm,4847,324,6392,6392,647,NULL,1061453,1061453,1061453,1061518,LIMIT,BUY,2,5,2018-08-17T05:00:51.601,2018-08-17T05:02:39.893
choice-moving,Surfer8@bmm,4846,324,6392,6392,646,NULL,1061454,1061454,1061454,1061466,LIMIT,BUY,1,100,2018-08-17T05:00:54.590,2018-08-17T05:01:20.340
choice-moving,Surfer3@bmm,4841,324,6392,6392,648,NULL,1061455,1061455,1061455,1061449,LIMIT,SELL,1,100,2018-08-17T05:00:55.833,2018-08-17T05:00:55.839
choice-moving,Surfer16@bmm,4854,324,6392,6392,647,NULL,1061456,1061456,1061456,NULL,LIMIT,BUY,1,30,2018-08-17T05:00:56.026,2018-08-17T05:00:56.029
choice-moving,Surfer4@bmm,4842,324,6392,6392,646,NULL,1061457,1061457,1061457,1061467,LIMIT,BUY,1,100,2018-08-17T05:00:56.969,2018-08-17T05:01:21.949
choice-moving,Surfer8@bmm,4846,324,6392,6392,647,NULL,1061458,1061458,1061458,1061459,LIMIT,BUY,1,100,2018-08-17T05:00:59.496,2018-08-17T05:01:02.452
choice-moving,Surfer2@bmm,4840,324,6392,6392,647,NULL,1061459,1061459,1061459,1061458,LIMIT,SELL,1,100,2018-08-17T05:01:02.447,2018-08-17T05:01:02.452
choice-moving,Surfer8@bmm,4846,324,6392,6392,648,NULL,1061460,1061460,1061460,1061464,LIMIT,BUY,1,100,2018-08-17T05:01:04.070,2018-08-17T05:01:12.752
choice-moving,Surfer2@bmm,4840,324,6392,6392,647,NULL,1061461,1061461,1061461,1061490,LIMIT,BUY,1,100,2018-08-17T05:01:10.409,2018-08-17T05:02:15.686
choice-moving,Surfer8@bmm,4846,324,6392,6392,649,NULL,1061462,1061462,1061462,1061436,LIMIT,SELL,1,100,2018-08-17T05:01:12.334,2018-08-17T05:01:12.340
choice-moving,Surfer9@bmm,4847,324,6392,6392,648,NULL,1061463,1061463,1061463,0,LIMIT,SELL,1,77,2018-08-17T05:01:12.741,2018-08-17T05:01:12.752
choice-moving,Surfer9@bmm,4847,324,6392,6392,648,NULL,1061464,1061463,1061463,1061460,LIMIT,SELL,1,100,2018-08-17T05:01:12.749,2018-08-17T05:01:12.753
choice-moving,Surfer14@bmm,4852,324,6392,6392,647,NULL,1061465,1061465,1061465,NULL,LIMIT,BUY,1,99,2018-08-17T05:01:17.643,2018-08-17T05:01:17.645
choice-moving,Surfer3@bmm,4841,324,6392,6392,646,NULL,1061466,1061466,1061466,1061454,LIMIT,SELL,1,100,2018-08-17T05:01:20.335,2018-08-17T05:01:20.340
choice-moving,Surfer3@bmm,4841,324,6392,6392,646,NULL,1061467,1061467,1061467,1061457,LIMIT,SELL,1,100,2018-08-17T05:01:21.929,2018-08-17T05:01:21.949
choice-moving,Surfer16@bmm,4854,324,6392,6392,649,NULL,1061468,1061468,1061468,0,LIMIT,SELL,1,5,2018-08-17T05:01:28.377,2018-08-17T05:01:28.385
choice-moving,Surfer16@bmm,4854,324,6392,6392,649,NULL,1061469,1061468,1061468,1061414,LIMIT,SELL,1,99,2018-08-17T05:01:28.382,2018-08-17T05:01:28.385
choice-moving,Surfer11@bmm,4849,324,6392,6392,649,NULL,1061470,1061470,1061470,NULL,LIMIT,BUY,1,99,2018-08-17T05:01:36.377,2018-08-17T05:01:36.379
choice-moving,Surfer8@bmm,4846,324,6392,6392,646,NULL,1061471,1061471,1061471,1061480,LIMIT,BUY,1,100,2018-08-17T05:01:37.839,2018-08-17T05:02:01.130
choice-moving,Surfer3@bmm,4841,324,6392,6392,646,NULL,1061472,1061472,1061472,1061523,LIMIT,BUY,1,99,2018-08-17T05:01:39.225,2018-08-17T05:02:45.427
choice-moving,Surfer13@bmm,4851,324,6392,6392,648,NULL,1061473,1061473,1061473,1061477,LIMIT,SELL,1,100,2018-08-17T05:01:39.764,2018-08-17T05:01:59.910
choice-moving,Surfer3@bmm,4841,324,6392,6392,647,NULL,1061474,1061474,1061474,NULL,LIMIT,BUY,1,99,2018-08-17T05:01:46.272,2018-08-17T05:01:46.274
choice-moving,Surfer19@bmm,4857,324,6392,6392,648,NULL,1061475,1061170,1061170,1061170,CANCEL,BUY,1,50,2018-08-17T05:01:49.633,2018-08-17T05:01:49.637
choice-moving,Surfer4@bmm,4842,324,6392,6392,646,NULL,1061476,1061476,1061476,1061482,LIMIT,BUY,1,100,2018-08-17T05:01:51.411,2018-08-17T05:02:03.157
choice-moving,Surfer17@bmm,4855,324,6392,6392,648,NULL,1061477,1061477,1061477,1061473,LIMIT,BUY,1,100,2018-08-17T05:01:59.904,2018-08-17T05:01:59.910
choice-moving,Surfer19@bmm,4857,324,6392,6392,648,NULL,1061478,1061178,1061178,1061178,CANCEL,BUY,1,77,2018-08-17T05:01:59.962,2018-08-17T05:01:59.966
choice-moving,Surfer19@bmm,4857,324,6392,6392,648,NULL,1061479,1061187,1061187,1061187,CANCEL,BUY,1,85,2018-08-17T05:02:00.979,2018-08-17T05:02:00.983
choice-moving,Surfer3@bmm,4841,324,6392,6392,646,NULL,1061480,1061480,1061480,1061471,LIMIT,SELL,1,100,2018-08-17T05:02:01.124,2018-08-17T05:02:01.130
choice-moving,Surfer2@bmm,4840,324,6392,6392,647,NULL,1061481,1061481,1061481,NULL,LIMIT,BUY,1,13,2018-08-17T05:02:01.901,2018-08-17T05:02:01.904
choice-moving,Surfer3@bmm,4841,324,6392,6392,646,NULL,1061482,1061482,1061482,1061476,LIMIT,SELL,1,100,2018-08-17T05:02:03.151,2018-08-17T05:02:03.157
choice-moving,Surfer16@bmm,4854,324,6392,6392,646,NULL,1061483,1061483,1061483,NULL,LIMIT,BUY,3,0,2018-08-17T05:02:07.789,2018-08-17T05:02:07.792
choice-moving,Surfer16@bmm,4854,324,6392,6392,646,NULL,1061484,1061484,1061484,NULL,LIMIT,BUY,3,0,2018-08-17T05:02:08.218,2018-08-17T05:02:08.220
choice-moving,Surfer2@bmm,4840,324,6392,6392,647,NULL,1061485,1061485,1061485,NULL,LIMIT,BUY,1,13,2018-08-17T05:02:08.561,2018-08-17T05:02:08.563
choice-moving,Surfer17@bmm,4855,324,6392,6392,649,NULL,1061486,1061486,1061486,1061488,LIMIT,BUY,3,99,2018-08-17T05:02:08.827,2018-08-17T05:02:14.199
choice-moving,Surfer3@bmm,4841,324,6392,6392,648,NULL,1061487,1061487,1061487,NULL,LIMIT,BUY,1,99,2018-08-17T05:02:13.214,2018-08-17T05:02:13.216
choice-moving,Surfer17@bmm,4855,324,6392,6392,649,NULL,1061488,1061486,1061486,1061486,CANCEL,BUY,3,99,2018-08-17T05:02:14.195,2018-08-17T05:02:14.199
choice-moving,Surfer17@bmm,4855,324,6392,6392,649,NULL,1061489,1061486,1061486,1061489,CANCEL,BUY,3,99,2018-08-17T05:02:14.437,2018-08-17T05:02:14.441
choice-moving,Surfer8@bmm,4846,324,6392,6392,647,NULL,1061490,1061490,1061490,1061461,LIMIT,SELL,1,100,2018-08-17T05:02:15.680,2018-08-17T05:02:15.686
choice-moving,Surfer9@bmm,4847,324,6392,6392,646,NULL,1061491,1061491,1061491,0,LIMIT,SELL,1,62,2018-08-17T05:02:15.860,2018-08-17T05:02:15.870
choice-moving,Surfer9@bmm,4847,324,6392,6392,646,NULL,1061492,1061491,1061491,1061403,LIMIT,SELL,1,99,2018-08-17T05:02:15.867,2018-08-17T05:02:15.870
choice-moving,Surfer13@bmm,4851,324,6392,6392,649,NULL,1061493,1061493,1061493,NULL,LIMIT,BUY,1,99,2018-08-17T05:02:16.834,2018-08-17T05:02:16.837
choice-moving,Surfer3@bmm,4841,324,6392,6392,649,NULL,1061494,1061494,1061494,NULL,LIMIT,BUY,1,99,2018-08-17T05:02:20.339,2018-08-17T05:02:20.341
choice-moving,Surfer2@bmm,4840,324,6392,6392,647,NULL,1061495,1061495,1061495,NULL,LIMIT,BUY,1,13,2018-08-17T05:02:21.066,2018-08-17T05:02:21.068
choice-moving,Surfer3@bmm,4841,324,6392,6392,646,NULL,1061496,1061152,1061152,1061152,CANCEL,BUY,1,92,2018-08-17T05:02:23.413,2018-08-17T05:02:23.417
choice-moving,Surfer16@bmm,4854,324,6392,6392,646,NULL,1061497,1061497,1061497,NULL,LIMIT,BUY,3,0,2018-08-17T05:02:23.423,2018-08-17T05:02:23.428
choice-moving,Surfer8@bmm,4846,324,6392,6392,647,NULL,1061498,1061498,1061498,1061211,LIMIT,SELL,1,99,2018-08-17T05:02:23.909,2018-08-17T05:02:23.916
choice-moving,Surfer8@bmm,4846,324,6392,6392,647,NULL,1061499,1061499,1061499,0,LIMIT,SELL,1,98,2018-08-17T05:02:25.542,2018-08-17T05:02:25.551
choice-moving,Surfer8@bmm,4846,324,6392,6392,647,NULL,1061500,1061499,1061499,1061265,LIMIT,SELL,1,99,2018-08-17T05:02:25.548,2018-08-17T05:02:25.551
choice-moving,Surfer16@bmm,4854,324,6392,6392,646,NULL,1061501,1061501,1061501,NULL,LIMIT,BUY,2,17,2018-08-17T05:02:27.073,2018-08-17T05:02:27.075
choice-moving,Surfer13@bmm,4851,324,6392,6392,646,NULL,1061502,1061502,1061502,1061527,LIMIT,BUY,1,99,2018-08-17T05:02:27.265,2018-08-17T05:02:47.646
choice-moving,Surfer3@bmm,4841,324,6392,6392,649,NULL,1061503,1061283,1061283,1061283,CANCEL,BUY,1,94,2018-08-17T05:02:27.749,2018-08-17T05:02:27.755
choice-moving,Surfer3@bmm,4841,324,6392,6392,649,NULL,1061504,1061288,1061288,1061288,CANCEL,BUY,1,97,2018-08-17T05:02:28.683,2018-08-17T05:02:28.688
choice-moving,Surfer2@bmm,4840,324,6392,6392,649,NULL,1061505,1061505,1061505,NULL,LIMIT,BUY,1,22,2018-08-17T05:02:28.872,2018-08-17T05:02:28.875
choice-moving,Surfer3@bmm,4841,324,6392,6392,648,NULL,1061506,1061407,1061407,1061407,CANCEL,BUY,1,97,2018-08-17T05:02:29.699,2018-08-17T05:02:29.703
choice-moving,Surfer3@bmm,4841,324,6392,6392,648,NULL,1061507,1061185,1061185,1061185,CANCEL,BUY,1,86,2018-08-17T05:02:30.759,2018-08-17T05:02:30.765
choice-moving,Surfer3@bmm,4841,324,6392,6392,648,NULL,1061508,1061396,1061396,1061396,CANCEL,BUY,1,83,2018-08-17T05:02:31.763,2018-08-17T05:02:31.768
choice-moving,Surfer8@bmm,4846,324,6392,6392,647,NULL,1061509,1061509,1061509,1061289,LIMIT,SELL,1,99,2018-08-17T05:02:32.374,2018-08-17T05:02:32.381
choice-moving,Surfer3@bmm,4841,324,6392,6392,648,NULL,1061510,1061181,1061181,1061181,CANCEL,BUY,1,77,2018-08-17T05:02:32.557,2018-08-17T05:02:32.561
choice-moving,Surfer3@bmm,4841,324,6392,6392,648,NULL,1061511,1061175,1061175,1061175,CANCEL,BUY,1,60,2018-08-17T05:02:33.407,2018-08-17T05:02:33.411
choice-moving,Surfer13@bmm,4851,324,6392,6392,648,NULL,1061512,1061512,1061512,NULL,LIMIT,BUY,1,99,2018-08-17T05:02:33.964,2018-08-17T05:02:33.966
choice-moving,Surfer9@bmm,4847,324,6392,6392,647,NULL,1061513,1061280,1061280,1061280,CANCEL,BUY,1,47,2018-08-17T05:02:35.765,2018-08-17T05:02:35.771
choice-moving,Surfer14@bmm,4852,324,6392,6392,649,NULL,1061514,1061514,1061514,NULL,LIMIT,BUY,1,17,2018-08-17T05:02:36.023,2018-08-17T05:02:36.025
choice-moving,Surfer17@bmm,4855,324,6392,6392,646,NULL,1061515,1061515,1061515,1061435,LIMIT,SELL,1,99,2018-08-17T05:02:36.072,2018-08-17T05:02:36.079
choice-moving,Surfer8@bmm,4846,324,6392,6392,647,NULL,1061516,1061516,1061516,1061430,LIMIT,SELL,1,99,2018-08-17T05:02:37.606,2018-08-17T05:02:37.612
choice-moving,Surfer2@bmm,4840,324,6392,6392,646,NULL,1061517,1061517,1061517,NULL,LIMIT,BUY,1,11,2018-08-17T05:02:38.785,2018-08-17T05:02:38.787
choice-moving,Surfer9@bmm,4847,324,6392,6392,647,NULL,1061518,1061453,1061453,1061453,CANCEL,BUY,2,5,2018-08-17T05:02:39.881,2018-08-17T05:02:39.893
choice-moving,Surfer13@bmm,4851,324,6392,6392,647,NULL,1061519,1061196,1061196,1061196,CANCEL,BUY,1,98,2018-08-17T05:02:39.996,2018-08-17T05:02:40
choice-moving,Surfer9@bmm,4847,324,6392,6392,647,NULL,1061520,1061200,1061200,1061200,CANCEL,BUY,1,47,2018-08-17T05:02:42.032,2018-08-17T05:02:42.037
choice-moving,Surfer14@bmm,4852,324,6392,6392,649,NULL,1061521,1061521,1061521,NULL,LIMIT,BUY,1,99,2018-08-17T05:02:43.363,2018-08-17T05:02:43.365
choice-moving,Surfer16@bmm,4854,324,6392,6392,646,NULL,1061522,1061522,1061522,NULL,LIMIT,BUY,2,17,2018-08-17T05:02:44.289,2018-08-17T05:02:44.293
choice-moving,Surfer8@bmm,4846,324,6392,6392,646,NULL,1061523,1061523,1061523,1061472,LIMIT,SELL,1,99,2018-08-17T05:02:45.422,2018-08-17T05:02:45.426
choice-moving,Surfer16@bmm,4854,324,6392,6392,646,NULL,1061524,1061524,1061524,NULL,LIMIT,BUY,2,17,2018-08-17T05:02:46.513,2018-08-17T05:02:46.515
choice-moving,Surfer3@bmm,4841,324,6392,6392,648,NULL,1061525,1061525,1061525,NULL,LIMIT,BUY,1,98,2018-08-17T05:02:47.238,2018-08-17T05:02:47.240
choice-moving,Surfer8@bmm,4846,324,6392,6392,646,NULL,1061526,1061526,1061526,0,LIMIT,SELL,1,98,2018-08-17T05:02:47.638,2018-08-17T05:02:47.645
choice-moving,Surfer8@bmm,4846,324,6392,6392,646,NULL,1061527,1061526,1061526,1061502,LIMIT,SELL,1,99,2018-08-17T05:02:47.642,2018-08-17T05:02:47.646
choice-moving,Surfer4@bmm,4842,324,6392,6392,648,NULL,1061528,1061448,1061448,1061448,CANCEL,BUY,1,0,2018-08-17T05:02:50.750,2018-08-17T05:02:50.754
choice-moving,Surfer2@bmm,4840,324,6392,6392,646,NULL,1061529,1061529,1061529,NULL,LIMIT,BUY,1,11,2018-08-17T05:02:51.743,2018-08-17T05:02:51.745
choice-moving,Surfer8@bmm,4846,324,6392,6392,648,NULL,1061530,1061530,1061530,1061394,LIMIT,SELL,1,99,2018-08-17T05:02:52.710,2018-08-17T05:02:52.716
choice-moving,Surfer3@bmm,4841,324,6392,6392,646,NULL,1061531,1061531,1061531,NULL,LIMIT,BUY,1,99,2018-08-17T05:02:57.687,2018-08-17T05:02:57.689
choice-moving,Surfer11@bmm,4849,324,6392,6392,646,NULL,1061532,1061532,1061532,NULL,LIMIT,BUY,1,99,2018-08-17T05:02:58.184,2018-08-17T05:02:58.186
choice-moving,Surfer10@bmm,4848,324,6392,6392,647,NULL,1061533,1061148,1061148,1061148,CANCEL,BUY,1,5,2018-08-17T05:03:00.385,2018-08-17T05:03:00.389
choice-moving,Surfer3@bmm,4841,324,6392,6392,646,NULL,1061534,1061534,1061534,NULL,LIMIT,BUY,1,99,2018-08-17T05:03:03.332,2018-08-17T05:03:03.334
choice-moving,Surfer14@bmm,4852,324,6392,6392,649,NULL,1061535,1061535,1061535,NULL,LIMIT,BUY,1,99,2018-08-17T05:03:04.264,2018-08-17T05:03:04.267
choice-moving,Surfer10@bmm,4848,324,6392,6392,647,NULL,1061536,1061433,1061433,1061433,CANCEL,BUY,1,99,2018-08-17T05:03:05.183,2018-08-17T05:03:05.189
choice-moving,Surfer13@bmm,4851,324,6392,6392,647,NULL,1061537,1061537,1061537,NULL,LIMIT,BUY,1,99,2018-08-17T05:03:05.971,2018-08-17T05:03:05.973
choice-moving,Surfer10@bmm,4848,324,6392,6392,648,NULL,1061538,1061440,1061440,1061440,CANCEL,BUY,1,99,2018-08-17T05:03:07.985,2018-08-17T05:03:07.990
choice-moving,Surfer15@bmm,4853,324,6392,6392,649,NULL,1061539,1061442,1061442,1061442,CANCEL,BUY,1,99,2018-08-17T05:03:10.198,2018-08-17T05:03:10.207
choice-moving,Surfer10@bmm,4848,324,6392,6392,649,NULL,1061540,1061222,1061222,1061222,CANCEL,BUY,1,12,2018-08-17T05:03:11.411,2018-08-17T05:03:11.416
choice-moving,Surfer10@bmm,4848,324,6392,6392,649,NULL,1061541,1061225,1061225,1061225,CANCEL,BUY,1,9,2018-08-17T05:03:12.328,2018-08-17T05:03:12.333
choice-moving,Surfer13@bmm,4851,324,6392,6392,646,NULL,1061542,1061542,1061542,NULL,LIMIT,BUY,1,99,2018-08-17T05:03:13.293,2018-08-17T05:03:13.296
choice-moving,Surfer10@bmm,4848,324,6392,6392,649,NULL,1061543,1061219,1061219,1061219,CANCEL,BUY,1,12,2018-08-17T05:03:13.513,2018-08-17T05:03:13.517
choice-moving,Surfer10@bmm,4848,324,6392,6392,647,NULL,1061544,1061146,1061146,1061146,CANCEL,BUY,1,3,2018-08-17T05:03:18.262,2018-08-17T05:03:18.268
choice-moving,Surfer14@bmm,4852,324,6392,6392,646,NULL,1061545,1061545,1061545,NULL,LIMIT,BUY,1,99,2018-08-17T05:03:19.981,2018-08-17T05:03:19.983
choice-moving,Surfer8@bmm,4846,324,6392,6392,647,NULL,1061546,1061546,1061546,1061547,LIMIT,BUY,1,100,2018-08-17T05:03:37.643,2018-08-17T05:03:48.264
choice-moving,Surfer8@bmm,4846,324,6392,6392,647,NULL,1061547,1061546,1061546,1061546,CANCEL,BUY,1,100,2018-08-17T05:03:48.259,2018-08-17T05:03:48.264
choice-moving,Surfer8@bmm,4846,324,6392,6392,649,NULL,1061548,1061399,1061399,1061399,CANCEL,BUY,1,97,2018-08-17T05:03:50.907,2018-08-17T05:03:50.912