account,email,owner,marketplace,session,period,market,target,order,original,supplier,consumer,type,side,units,price,createdDate,lastModifiedDate
choice-moving,Surfer3@bmm,4841,325,6393,6393,650,NULL,1061550,1061550,1061550,1061897,LIMIT,BUY,1,93,2018-08-17T05:05:05.735,2018-08-17T05:12:01.011
choice-moving,Surfer3@bmm,4841,325,6393,6393,650,NULL,1061551,1061551,1061551,1061694,LIMIT,BUY,1,87,2018-08-17T05:05:07.217,2018-08-17T05:07:33.649
choice-moving,Surfer3@bmm,4841,325,6393,6393,650,NULL,1061552,1061552,1061552,1061896,LIMIT,BUY,1,92,2018-08-17T05:05:09.569,2018-08-17T05:11:59.490
choice-moving,Surfer3@bmm,4841,325,6393,6393,650,NULL,1061553,1061553,1061553,1061621,LIMIT,BUY,1,95,2018-08-17T05:05:11.670,2018-08-17T05:06:09.469
choice-moving,Surfer9@bmm,4847,325,6393,6393,653,NULL,1061554,1061554,1061554,NULL,LIMIT,SELL,1,81,2018-08-17T05:05:12.112,2018-08-17T05:05:12.114
choice-moving,Surfer9@bmm,4847,325,6393,6393,650,NULL,1061555,1061555,1061555,NULL,LIMIT,BUY,1,87,2018-08-17T05:05:19.397,2018-08-17T05:05:19.402
choice-moving,Surfer15@bmm,4853,325,6393,6393,653,NULL,1061556,1061556,1061556,1061727,LIMIT,SELL,1,1,2018-08-17T05:05:21.144,2018-08-17T05:08:05.315
choice-moving,Surfer15@bmm,4853,325,6393,6393,653,NULL,1061557,1061557,1061557,NULL,LIMIT,SELL,1,1,2018-08-17T05:05:21.390,2018-08-17T05:05:21.393
choice-moving,Surfer15@bmm,4853,325,6393,6393,653,NULL,1061558,1061558,1061558,1061562,LIMIT,SELL,1,1,2018-08-17T05:05:22.087,2018-08-17T05:05:28.153
choice-moving,Surfer15@bmm,4853,325,6393,6393,653,NULL,1061559,1061559,1061559,1061561,LIMIT,SELL,1,1,2018-08-17T05:05:23.219,2018-08-17T05:05:27.652
choice-moving,Surfer4@bmm,4842,325,6393,6393,650,NULL,1061560,1061560,1061560,1061571,LIMIT,BUY,1,99,2018-08-17T05:05:23.755,2018-08-17T05:05:41.322
choice-moving,Surfer15@bmm,4853,325,6393,6393,653,NULL,1061561,1061559,1061559,1061559,CANCEL,SELL,1,1,2018-08-17T05:05:27.647,2018-08-17T05:05:27.652
choice-moving,Surfer15@bmm,4853,325,6393,6393,653,NULL,1061562,1061558,1061558,1061558,CANCEL,SELL,1,1,2018-08-17T05:05:28.149,2018-08-17T05:05:28.153
choice-moving,Surfer7@bmm,4845,325,6393,6393,653,NULL,1061563,1061563,1061563,NULL,LIMIT,SELL,1,1,2018-08-17T05:05:32.148,2018-08-17T05:05:32.150
choice-moving,Surfer15@bmm,4853,325,6393,6393,650,NULL,1061564,1061564,1061564,1061603,LIMIT,BUY,1,99,2018-08-17T05:05:33.051,2018-08-17T05:06:01.070
choice-moving,Surfer13@bmm,4851,325,6393,6393,653,NULL,1061565,1061565,1061565,1061695,LIMIT,SELL,4,4,2018-08-17T05:05:33.597,2018-08-17T05:07:34.159
choice-moving,Surfer8@bmm,4846,325,6393,6393,650,NULL,1061566,1061566,1061566,1061596,LIMIT,SELL,1,100,2018-08-17T05:05:34.178,2018-08-17T05:06:00.002
choice-moving,Surfer9@bmm,4847,325,6393,6393,651,NULL,1061567,1061567,1061567,1061574,LIMIT,SELL,1,76,2018-08-17T05:05:36.136,2018-08-17T05:05:42.805
choice-moving,Surfer7@bmm,4845,325,6393,6393,653,NULL,1061568,1061568,1061568,NULL,LIMIT,SELL,1,1,2018-08-17T05:05:38.511,2018-08-17T05:05:38.513
choice-moving,Surfer7@bmm,4845,325,6393,6393,653,NULL,1061569,1061569,1061569,NULL,LIMIT,SELL,1,1,2018-08-17T05:05:39.225,2018-08-17T05:05:39.227
choice-moving,Surfer7@bmm,4845,325,6393,6393,653,NULL,1061570,1061570,1061570,1061907,LIMIT,SELL,1,1,2018-08-17T05:05:39.843,2018-08-17T05:12:19.111
choice-moving,Surfer8@bmm,4846,325,6393,6393,650,NULL,1061571,1061571,1061571,1061560,LIMIT,SELL,1,99,2018-08-17T05:05:41.317,2018-08-17T05:05:41.322
choice-moving,Surfer10@bmm,4848,325,6393,6393,652,NULL,1061572,1061572,1061572,0,LIMIT,SELL,3,20,2018-08-17T05:05:42.041,2018-08-17T05:05:57.241
choice-moving,Surfer2@bmm,4840,325,6393,6393,650,NULL,1061573,1061573,1061573,NULL,LIMIT,BUY,1,22,2018-08-17T05:05:42.377,2018-08-17T05:05:42.379
choice-moving,Surfer15@bmm,4853,325,6393,6393,651,NULL,1061574,1061574,1061574,1061567,LIMIT,BUY,1,76,2018-08-17T05:05:42.800,2018-08-17T05:05:42.805
choice-moving,Surfer2@bmm,4840,325,6393,6393,650,NULL,1061575,1061575,1061575,NULL,LIMIT,BUY,1,22,2018-08-17T05:05:42.874,2018-08-17T05:05:42.876
choice-moving,Surfer4@bmm,4842,325,6393,6393,651,NULL,1061576,1061576,1061576,1061639,LIMIT,BUY,1,76,2018-08-17T05:05:44.364,2018-08-17T05:06:22.122
choice-moving,Surfer2@bmm,4840,325,6393,6393,650,NULL,1061577,1061577,1061577,NULL,LIMIT,BUY,1,22,2018-08-17T05:05:44.411,2018-08-17T05:05:44.413
choice-moving,Surfer19@bmm,4857,325,6393,6393,653,NULL,1061578,1061578,1061578,NULL,LIMIT,SELL,1,3,2018-08-17T05:05:46.129,2018-08-17T05:05:46.131
choice-moving,Surfer17@bmm,4855,325,6393,6393,651,NULL,1061579,1061579,1061579,1061648,LIMIT,BUY,1,69,2018-08-17T05:05:48.394,2018-08-17T05:06:29.281
choice-moving,Surfer2@bmm,4840,325,6393,6393,652,NULL,1061580,1061580,1061580,NULL,LIMIT,SELL,1,38,2018-08-17T05:05:49.398,2018-08-17T05:05:49.400
choice-moving,Surfer12@bmm,4850,325,6393,6393,650,NULL,1061581,1061581,1061581,NULL,LIMIT,BUY,3,80,2018-08-17T05:05:50.576,2018-08-17T05:05:50.578
choice-moving,Surfer2@bmm,4840,325,6393,6393,652,NULL,1061582,1061582,1061582,NULL,LIMIT,SELL,1,38,2018-08-17T05:05:50.836,2018-08-17T05:05:50.838
choice-moving,Surfer19@bmm,4857,325,6393,6393,653,NULL,1061583,1061583,1061583,NULL,LIMIT,SELL,1,1,2018-08-17T05:05:51.487,2018-08-17T05:05:51.489
choice-moving,Surfer19@bmm,4857,325,6393,6393,653,NULL,1061584,1061584,1061584,NULL,LIMIT,SELL,1,1,2018-08-17T05:05:51.730,2018-08-17T05:05:51.733
choice-moving,Surfer17@bmm,4855,325,6393,6393,651,NULL,1061585,1061585,1061585,1061667,LIMIT,BUY,1,40,2018-08-17T05:05:51.806,2018-08-17T05:06:42.028
choice-moving,Surfer19@bmm,4857,325,6393,6393,653,NULL,1061586,1061586,1061586,NULL,LIMIT,SELL,1,1,2018-08-17T05:05:52.535,2018-08-17T05:05:52.537
choice-moving,Surfer2@bmm,4840,325,6393,6393,652,NULL,1061587,1061587,1061587,NULL,LIMIT,SELL,1,95,2018-08-17T05:05:54.107,2018-08-17T05:05:54.109
choice-moving,Surfer2@bmm,4840,325,6393,6393,652,NULL,1061588,1061588,1061588,NULL,LIMIT,SELL,1,95,2018-08-17T05:05:54.939,2018-08-17T05:05:54.941
choice-moving,Surfer17@bmm,4855,325,6393,6393,651,NULL,1061589,1061589,1061589,1061662,LIMIT,BUY,1,68,2018-08-17T05:05:55.167,2018-08-17T05:06:38.082
choice-moving,Surfer2@bmm,4840,325,6393,6393,652,NULL,1061590,1061590,1061590,0,LIMIT,BUY,1,95,2018-08-17T05:05:57.228,2018-08-17T05:05:57.241
choice-moving,Surfer2@bmm,4840,325,6393,6393,652,NULL,1061591,1061590,1061590,1061592,LIMIT,BUY,1,20,2018-08-17T05:05:57.233,2018-08-17T05:05:57.241
choice-moving,Surfer10@bmm,4848,325,6393,6393,652,NULL,1061592,1061572,1061572,1061591,LIMIT,SELL,1,20,2018-08-17T05:05:57.235,2018-08-17T05:05:57.241
choice-moving,Surfer10@bmm,4848,325,6393,6393,652,NULL,1061593,1061572,1061572,0,LIMIT,SELL,2,20,2018-08-17T05:05:42.041,2018-08-17T05:06:10.907
choice-moving,Surfer2@bmm,4840,325,6393,6393,652,NULL,1061594,1061594,1061594,NULL,LIMIT,SELL,1,95,2018-08-17T05:05:58.797,2018-08-17T05:05:58.799
choice-moving,Surfer4@bmm,4842,325,6393,6393,652,NULL,1061595,1061595,1061595,1061636,LIMIT,SELL,1,31,2018-08-17T05:05:59.844,2018-08-17T05:06:19.405
choice-moving,Surfer17@bmm,4855,325,6393,6393,650,NULL,1061596,1061596,1061596,1061566,LIMIT,BUY,1,100,2018-08-17T05:05:59.997,2018-08-17T05:06:00.002
choice-moving,Surfer4@bmm,4842,325,6393,6393,652,NULL,1061597,1061597,1061597,1061646,LIMIT,SELL,1,31,2018-08-17T05:06:00.079,2018-08-17T05:06:27.459
choice-moving,Surfer4@bmm,4842,325,6393,6393,652,NULL,1061598,1061598,1061598,1061657,LIMIT,SELL,1,31,2018-08-17T05:06:00.430,2018-08-17T05:06:33.842
choice-moving,Surfer4@bmm,4842,325,6393,6393,652,NULL,1061599,1061599,1061599,1061722,LIMIT,SELL,1,31,2018-08-17T05:06:00.502,2018-08-17T05:07:51.462
choice-moving,Surfer3@bmm,4841,325,6393,6393,653,NULL,1061600,1061600,1061600,NULL,LIMIT,SELL,1,1,2018-08-17T05:06:00.752,2018-08-17T05:06:00.754
choice-moving,Surfer13@bmm,4851,325,6393,6393,651,NULL,1061601,1061601,1061601,1061622,LIMIT,SELL,1,90,2018-08-17T05:06:00.913,2018-08-17T05:06:10.608
choice-moving,Surfer8@bmm,4846,325,6393,6393,650,NULL,1061602,1061602,1061602,0,LIMIT,SELL,1,80,2018-08-17T05:06:01.062,2018-08-17T05:06:01.070
choice-moving,Surfer8@bmm,4846,325,6393,6393,650,NULL,1061603,1061602,1061602,1061564,LIMIT,SELL,1,99,2018-08-17T05:06:01.067,2018-08-17T05:06:01.071
choice-moving,Surfer15@bmm,4853,325,6393,6393,652,NULL,1061604,1061604,1061604,1061634,LIMIT,BUY,1,2,2018-08-17T05:06:01.538,2018-08-17T05:06:16.220
choice-moving,Surfer3@bmm,4841,325,6393,6393,653,NULL,1061605,1061605,1061605,NULL,LIMIT,SELL,1,1,2018-08-17T05:06:01.582,2018-08-17T05:06:01.585
choice-moving,Surfer3@bmm,4841,325,6393,6393,653,NULL,1061606,1061606,1061606,NULL,LIMIT,SELL,1,1,2018-08-17T05:06:02.247,2018-08-17T05:06:02.250
choice-moving,Surfer3@bmm,4841,325,6393,6393,653,NULL,1061607,1061607,1061607,NULL,LIMIT,SELL,1,1,2018-08-17T05:06:02.916,2018-08-17T05:06:02.918
choice-moving,Surfer14@bmm,4852,325,6393,6393,650,NULL,1061608,1061608,1061608,1061615,LIMIT,BUY,1,98,2018-08-17T05:06:03.642,2018-08-17T05:06:07.980
choice-moving,Surfer5@bmm,4843,325,6393,6393,651,NULL,1061609,1061609,1061609,1061900,LIMIT,BUY,1,0,2018-08-17T05:06:04.019,2018-08-17T05:12:09.133
choice-moving,Surfer1@bmm,4839,325,6393,6393,653,NULL,1061610,1061610,1061610,1061848,LIMIT,SELL,1,77,2018-08-17T05:06:04.921,2018-08-17T05:11:17.032
choice-moving,Surfer2@bmm,4840,325,6393,6393,650,NULL,1061611,1061611,1061611,NULL,LIMIT,BUY,1,29,2018-08-17T05:06:05.939,2018-08-17T05:06:05.941
choice-moving,Surfer2@bmm,4840,325,6393,6393,650,NULL,1061612,1061612,1061612,NULL,LIMIT,BUY,1,29,2018-08-17T05:06:06.283,2018-08-17T05:06:06.286
choice-moving,Surfer1@bmm,4839,325,6393,6393,653,NULL,1061613,1061613,1061613,1061844,LIMIT,SELL,1,77,2018-08-17T05:06:07.575,2018-08-17T05:11:15.131
choice-moving,Surfer2@bmm,4840,325,6393,6393,650,NULL,1061614,1061614,1061614,0,LIMIT,SELL,1,29,2018-08-17T05:06:07.971,2018-08-17T05:06:07.980
choice-moving,Surfer2@bmm,4840,325,6393,6393,650,NULL,1061615,1061614,1061614,1061608,LIMIT,SELL,1,98,2018-08-17T05:06:07.977,2018-08-17T05:06:07.980
choice-moving,Surfer6@bmm,4844,325,6393,6393,650,NULL,1061616,1061616,1061616,1061618,LIMIT,BUY,1,99,2018-08-17T05:06:08.436,2018-08-17T05:06:08.782
choice-moving,Surfer2@bmm,4840,325,6393,6393,650,NULL,1061617,1061617,1061617,0,LIMIT,SELL,1,29,2018-08-17T05:06:08.771,2018-08-17T05:06:08.782
choice-moving,Surfer2@bmm,4840,325,6393,6393,650,NULL,1061618,1061617,1061617,1061616,LIMIT,SELL,1,99,2018-08-17T05:06:08.779,2018-08-17T05:06:08.783
choice-moving,Surfer1@bmm,4839,325,6393,6393,653,NULL,1061619,1061619,1061619,1061842,LIMIT,SELL,1,77,2018-08-17T05:06:09.330,2018-08-17T05:11:14.519
choice-moving,Surfer2@bmm,4840,325,6393,6393,650,NULL,1061620,1061620,1061620,0,LIMIT,SELL,1,29,2018-08-17T05:06:09.460,2018-08-17T05:06:09.468
choice-moving,Surfer2@bmm,4840,325,6393,6393,650,NULL,1061621,1061620,1061620,1061553,LIMIT,SELL,1,95,2018-08-17T05:06:09.465,2018-08-17T05:06:09.469
choice-moving,Surfer13@bmm,4851,325,6393,6393,651,NULL,1061622,1061601,1061601,1061601,CANCEL,SELL,1,90,2018-08-17T05:06:10.604,2018-08-17T05:06:10.608
choice-moving,Surfer4@bmm,4842,325,6393,6393,652,NULL,1061623,1061623,1061623,0,LIMIT,BUY,1,100,2018-08-17T05:06:10.895,2018-08-17T05:06:10.907
choice-moving,Surfer4@bmm,4842,325,6393,6393,652,NULL,1061624,1061623,1061623,1061625,LIMIT,BUY,1,20,2018-08-17T05:06:10.900,2018-08-17T05:06:10.907
choice-moving,Surfer10@bmm,4848,325,6393,6393,652,NULL,1061625,1061572,1061593,1061624,LIMIT,SELL,1,20,2018-08-17T05:06:10.902,2018-08-17T05:06:10.907
choice-moving,Surfer10@bmm,4848,325,6393,6393,652,NULL,1061626,1061572,1061593,1061629,LIMIT,SELL,1,20,2018-08-17T05:05:42.041,2018-08-17T05:06:13.653
choice-moving,Surfer5@bmm,4843,325,6393,6393,653,NULL,1061627,1061627,1061627,1061643,LIMIT,SELL,1,0,2018-08-17T05:06:11.921,2018-08-17T05:06:26.956
choice-moving,Surfer14@bmm,4852,325,6393,6393,650,NULL,1061628,1061628,1061628,1061633,LIMIT,BUY,1,96,2018-08-17T05:06:12.180,2018-08-17T05:06:14.604
choice-moving,Surfer15@bmm,4853,325,6393,6393,652,NULL,1061629,1061629,1061629,1061626,LIMIT,BUY,1,20,2018-08-17T05:06:13.648,2018-08-17T05:06:13.653
choice-moving,Surfer13@bmm,4851,325,6393,6393,651,NULL,1061630,1061630,1061630,1061665,LIMIT,SELL,1,95,2018-08-17T05:06:13.864,2018-08-17T05:06:42.014
choice-moving,Surfer1@bmm,4839,325,6393,6393,653,NULL,1061631,1061631,1061631,1061846,LIMIT,SELL,1,85,2018-08-17T05:06:14.127,2018-08-17T05:11:15.802
choice-moving,Surfer2@bmm,4840,325,6393,6393,650,NULL,1061632,1061632,1061632,0,LIMIT,SELL,1,92,2018-08-17T05:06:14.596,2018-08-17T05:06:14.604
choice-moving,Surfer2@bmm,4840,325,6393,6393,650,NULL,1061633,1061632,1061632,1061628,LIMIT,SELL,1,96,2018-08-17T05:06:14.601,2018-08-17T05:06:14.604
choice-moving,Surfer15@bmm,4853,325,6393,6393,652,NULL,1061634,1061604,1061604,1061604,CANCEL,BUY,1,2,2018-08-17T05:06:16.216,2018-08-17T05:06:16.220
choice-moving,Surfer10@bmm,4848,325,6393,6393,650,NULL,1061635,1061635,1061635,1061680,LIMIT,BUY,1,96,2018-08-17T05:06:18.718,2018-08-17T05:07:02.926
choice-moving,Surfer15@bmm,4853,325,6393,6393,652,NULL,1061636,1061636,1061636,1061595,LIMIT,BUY,1,31,2018-08-17T05:06:19.399,2018-08-17T05:06:19.405
choice-moving,Surfer4@bmm,4842,325,6393,6393,650,NULL,1061637,1061637,1061637,NULL,LIMIT,BUY,1,99,2018-08-17T05:06:20.678,2018-08-17T05:06:20.680
choice-moving,Surfer5@bmm,4843,325,6393,6393,651,NULL,1061638,1061638,1061638,0,LIMIT,SELL,1,0,2018-08-17T05:06:22.114,2018-08-17T05:06:22.122
choice-moving,Surfer5@bmm,4843,325,6393,6393,651,NULL,1061639,1061638,1061638,1061576,LIMIT,SELL,1,76,2018-08-17T05:06:22.119,2018-08-17T05:06:22.122
choice-moving,Surfer13@bmm,4851,325,6393,6393,650,NULL,1061640,1061640,1061640,NULL,LIMIT,BUY,1,99,2018-08-17T05:06:22.329,2018-08-17T05:06:22.331
choice-moving,Surfer14@bmm,4852,325,6393,6393,650,NULL,1061641,1061641,1061641,1061644,LIMIT,BUY,1,95,2018-08-17T05:06:24.664,2018-08-17T05:06:27.130
choice-moving,Surfer13@bmm,4851,325,6393,6393,650,NULL,1061642,1061642,1061642,NULL,LIMIT,BUY,1,99,2018-08-17T05:06:26.943,2018-08-17T05:06:26.945
choice-moving,Surfer3@bmm,4841,325,6393,6393,653,NULL,1061643,1061643,1061643,1061627,LIMIT,BUY,1,0,2018-08-17T05:06:26.948,2018-08-17T05:06:26.956
choice-moving,Surfer14@bmm,4852,325,6393,6393,650,NULL,1061644,1061641,1061641,1061641,CANCEL,BUY,1,95,2018-08-17T05:06:27.126,2018-08-17T05:06:27.130
choice-moving,Surfer2@bmm,4840,325,6393,6393,652,NULL,1061645,1061645,1061645,0,LIMIT,BUY,1,44,2018-08-17T05:06:27.451,2018-08-17T05:06:27.459
choice-moving,Surfer2@bmm,4840,325,6393,6393,652,NULL,1061646,1061645,1061645,1061597,LIMIT,BUY,1,31,2018-08-17T05:06:27.456,2018-08-17T05:06:27.460
choice-moving,Surfer5@bmm,4843,325,6393,6393,651,NULL,1061647,1061647,1061647,0,LIMIT,SELL,1,0,2018-08-17T05:06:29.272,2018-08-17T05:06:29.281
choice-moving,Surfer5@bmm,4843,325,6393,6393,651,NULL,1061648,1061647,1061647,1061579,LIMIT,SELL,1,69,2018-08-17T05:06:29.277,2018-08-17T05:06:29.281
choice-moving,Surfer2@bmm,4840,325,6393,6393,652,NULL,1061649,1061649,1061649,NULL,LIMIT,SELL,1,44,2018-08-17T05:06:29.846,2018-08-17T05:06:29.848
choice-moving,Surfer17@bmm,4855,325,6393,6393,653,NULL,1061650,1061650,1061650,NULL,LIMIT,SELL,1,19,2018-08-17T05:06:30.069,2018-08-17T05:06:30.071
choice-moving,Surfer14@bmm,4852,325,6393,6393,650,NULL,1061651,1061651,1061651,1061905,LIMIT,BUY,1,99,2018-08-17T05:06:30.879,2018-08-17T05:12:18.431
choice-moving,Surfer9@bmm,4847,325,6393,6393,653,NULL,1061652,1061652,1061652,NULL,LIMIT,SELL,1,100,2018-08-17T05:06:30.927,2018-08-17T05:06:30.929
choice-moving,Surfer15@bmm,4853,325,6393,6393,650,NULL,1061653,1061653,1061653,NULL,LIMIT,BUY,1,99,2018-08-17T05:06:31.017,2018-08-17T05:06:31.019
choice-moving,Surfer18@bmm,4856,325,6393,6393,653,NULL,1061654,1061654,1061654,1061672,LIMIT,BUY,1,0,2018-08-17T05:06:32.707,2018-08-17T05:06:45.616
choice-moving,Surfer17@bmm,4855,325,6393,6393,653,NULL,1061655,1061655,1061655,NULL,LIMIT,SELL,1,34,2018-08-17T05:06:33.206,2018-08-17T05:06:33.209
choice-moving,Surfer2@bmm,4840,325,6393,6393,652,NULL,1061656,1061656,1061656,0,LIMIT,BUY,1,44,2018-08-17T05:06:33.834,2018-08-17T05:06:33.842
choice-moving,Surfer2@bmm,4840,325,6393,6393,652,NULL,1061657,1061656,1061656,1061598,LIMIT,BUY,1,31,2018-08-17T05:06:33.839,2018-08-17T05:06:33.842
choice-moving,Surfer17@bmm,4855,325,6393,6393,653,NULL,1061658,1061658,1061658,NULL,LIMIT,SELL,1,6,2018-08-17T05:06:34.990,2018-08-17T05:06:34.992
choice-moving,Surfer2@bmm,4840,325,6393,6393,652,NULL,1061659,1061659,1061659,NULL,LIMIT,SELL,1,44,2018-08-17T05:06:36.340,2018-08-17T05:06:36.342
choice-moving,Surfer17@bmm,4855,325,6393,6393,653,NULL,1061660,1061660,1061660,NULL,LIMIT,SELL,1,60,2018-08-17T05:06:36.389,2018-08-17T05:06:36.391
choice-moving,Surfer5@bmm,4843,325,6393,6393,651,NULL,1061661,1061661,1061661,0,LIMIT,SELL,1,0,2018-08-17T05:06:38.074,2018-08-17T05:06:38.082
choice-moving,Surfer5@bmm,4843,325,6393,6393,651,NULL,1061662,1061661,1061661,1061589,LIMIT,SELL,1,68,2018-08-17T05:06:38.079,2018-08-17T05:06:38.083
choice-moving,Surfer2@bmm,4840,325,6393,6393,650,NULL,1061663,1061663,1061663,NULL,LIMIT,BUY,1,29,2018-08-17T05:06:39.963,2018-08-17T05:06:39.966
choice-moving,Surfer2@bmm,4840,325,6393,6393,650,NULL,1061664,1061664,1061664,NULL,LIMIT,BUY,1,29,2018-08-17T05:06:41.595,2018-08-17T05:06:41.598
choice-moving,Surfer15@bmm,4853,325,6393,6393,651,NULL,1061665,1061665,1061665,1061630,LIMIT,BUY,1,95,2018-08-17T05:06:42.008,2018-08-17T05:06:42.013
choice-moving,Surfer5@bmm,4843,325,6393,6393,651,NULL,1061666,1061666,1061666,0,LIMIT,SELL,1,0,2018-08-17T05:06:42.017,2018-08-17T05:06:42.028
choice-moving,Surfer5@bmm,4843,325,6393,6393,651,NULL,1061667,1061666,1061666,1061585,LIMIT,SELL,1,40,2018-08-17T05:06:42.025,2018-08-17T05:06:42.028
choice-moving,Surfer4@bmm,4842,325,6393,6393,651,NULL,1061668,1061668,1061668,1061681,LIMIT,BUY,1,95,2018-08-17T05:06:42.033,2018-08-17T05:07:03.809
choice-moving,Surfer2@bmm,4840,325,6393,6393,650,NULL,1061669,1061669,1061669,NULL,LIMIT,BUY,1,29,2018-08-17T05:06:43.653,2018-08-17T05:06:43.655
choice-moving,Surfer9@bmm,4847,325,6393,6393,650,NULL,1061670,1061670,1061670,NULL,LIMIT,BUY,3,22,2018-08-17T05:06:45.349,2018-08-17T05:06:45.351
choice-moving,Surfer2@bmm,4840,325,6393,6393,650,NULL,1061671,1061671,1061671,NULL,LIMIT,BUY,1,94,2018-08-17T05:06:45.499,2018-08-17T05:06:45.501
choice-moving,Surfer5@bmm,4843,325,6393,6393,653,NULL,1061672,1061672,1061672,1061654,LIMIT,SELL,1,0,2018-08-17T05:06:45.611,2018-08-17T05:06:45.616
choice-moving,Surfer2@bmm,4840,325,6393,6393,650,NULL,1061673,1061673,1061673,NULL,LIMIT,BUY,1,94,2018-08-17T05:06:46.947,2018-08-17T05:06:46.949
choice-moving,Surfer18@bmm,4856,325,6393,6393,653,NULL,1061674,1061674,1061674,1061682,LIMIT,BUY,1,0,2018-08-17T05:06:48.772,2018-08-17T05:07:06.145
choice-moving,Surfer8@bmm,4846,325,6393,6393,650,NULL,1061675,1061675,1061675,1061708,LIMIT,BUY,1,100,2018-08-17T05:06:52.026,2018-08-17T05:07:42.347
choice-moving,Surfer17@bmm,4855,325,6393,6393,650,NULL,1061676,1061676,1061676,1061712,LIMIT,BUY,1,100,2018-08-17T05:06:52.378,2018-08-17T05:07:47.322
choice-moving,Surfer4@bmm,4842,325,6393,6393,652,NULL,1061677,1061677,1061677,1061679,LIMIT,SELL,1,9,2018-08-17T05:06:58.359,2018-08-17T05:07:01.308
choice-moving,Surfer2@bmm,4840,325,6393,6393,650,NULL,1061678,1061678,1061678,NULL,LIMIT,BUY,1,94,2018-08-17T05:06:59.893,2018-08-17T05:06:59.895
choice-moving,Surfer4@bmm,4842,325,6393,6393,652,NULL,1061679,1061677,1061677,1061677,CANCEL,SELL,1,9,2018-08-17T05:07:01.303,2018-08-17T05:07:01.308
choice-moving,Surfer10@bmm,4848,325,6393,6393,650,NULL,1061680,1061635,1061635,1061635,CANCEL,BUY,1,96,2018-08-17T05:07:02.921,2018-08-17T05:07:02.926
choice-moving,Surfer9@bmm,4847,325,6393,6393,651,NULL,1061681,1061681,1061681,1061668,LIMIT,SELL,1,95,2018-08-17T05:07:03.804,2018-08-17T05:07:03.809
choice-moving,Surfer5@bmm,4843,325,6393,6393,653,NULL,1061682,1061682,1061682,1061674,LIMIT,SELL,1,0,2018-08-17T05:07:06.138,2018-08-17T05:07:06.145
choice-moving,Surfer4@bmm,4842,325,6393,6393,652,NULL,1061683,1061683,1061683,1061716,LIMIT,BUY,1,3,2018-08-17T05:07:07.948,2018-08-17T05:07:49.479
choice-moving,Surfer10@bmm,4848,325,6393,6393,650,NULL,1061684,1061684,1061684,1061916,LIMIT,BUY,1,99,2018-08-17T05:07:08.305,2018-08-17T05:12:36.993
choice-moving,Surfer5@bmm,4843,325,6393,6393,653,NULL,1061685,1061685,1061685,1061689,LIMIT,SELL,1,0,2018-08-17T05:07:11.237,2018-08-17T05:07:18.699
choice-moving,Surfer17@bmm,4855,325,6393,6393,651,NULL,1061686,1061686,1061686,1061699,LIMIT,SELL,1,100,2018-08-17T05:07:14.115,2018-08-17T05:07:39.539
choice-moving,Surfer8@bmm,4846,325,6393,6393,652,NULL,1061687,1061687,1061687,1061719,LIMIT,SELL,1,18,2018-08-17T05:07:15.119,2018-08-17T05:07:50.436
choice-moving,Surfer6@bmm,4844,325,6393,6393,652,NULL,1061688,1061688,1061688,1061715,LIMIT,SELL,1,12,2018-08-17T05:07:18.194,2018-08-17T05:07:48.885
choice-moving,Surfer3@bmm,4841,325,6393,6393,653,NULL,1061689,1061689,1061689,1061685,LIMIT,BUY,1,0,2018-08-17T05:07:18.694,2018-08-17T05:07:18.699
choice-moving,Surfer5@bmm,4843,325,6393,6393,650,NULL,1061690,1061690,1061690,NULL,LIMIT,BUY,1,0,2018-08-17T05:07:20.389,2018-08-17T05:07:20.392
choice-moving,Surfer2@bmm,4840,325,6393,6393,650,NULL,1061691,1061691,1061691,NULL,LIMIT,BUY,30,0,2018-08-17T05:07:28.239,2018-08-17T05:07:28.241
choice-moving,Surfer7@bmm,4845,325,6393,6393,651,NULL,1061692,1061692,1061692,1061702,LIMIT,SELL,1,20,2018-08-17T05:07:30.321,2018-08-17T05:07:40.120
choice-moving,Surfer2@bmm,4840,325,6393,6393,650,NULL,1061693,1061693,1061693,NULL,LIMIT,BUY,30,0,2018-08-17T05:07:33.580,2018-08-17T05:07:33.582
choice-moving,Surfer3@bmm,4841,325,6393,6393,650,NULL,1061694,1061551,1061551,1061551,CANCEL,BUY,1,87,2018-08-17T05:07:33.645,2018-08-17T05:07:33.649
choice-moving,Surfer13@bmm,4851,325,6393,6393,653,NULL,1061695,1061565,1061565,1061565,CANCEL,SELL,4,4,2018-08-17T05:07:34.155,2018-08-17T05:07:34.159
choice-moving,Surfer2@bmm,4840,325,6393,6393,650,NULL,1061696,1061696,1061696,NULL,LIMIT,BUY,67,0,2018-08-17T05:07:36.734,2018-08-17T05:07:36.736
choice-moving,Surfer2@bmm,4840,325,6393,6393,650,NULL,1061697,1061697,1061697,NULL,LIMIT,BUY,67,0,2018-08-17T05:07:38.005,2018-08-17T05:07:38.007
choice-moving,Surfer2@bmm,4840,325,6393,6393,650,NULL,1061698,1061698,1061698,NULL,LIMIT,BUY,67,0,2018-08-17T05:07:39.142,2018-08-17T05:07:39.145
choice-moving,Surfer17@bmm,4855,325,6393,6393,651,NULL,1061699,1061686,1061686,1061686,CANCEL,SELL,1,100,2018-08-17T05:07:39.534,2018-08-17T05:07:39.538
choice-moving,Surfer14@bmm,4852,325,6393,6393,652,NULL,1061700,1061700,1061700,1061915,LIMIT,SELL,1,98,2018-08-17T05:07:40.068,2018-08-17T05:12:36.847
choice-moving,Surfer6@bmm,4844,325,6393,6393,651,NULL,1061701,1061701,1061701,0,LIMIT,BUY,1,28,2018-08-17T05:07:40.112,2018-08-17T05:07:40.119
choice-moving,Surfer6@bmm,4844,325,6393,6393,651,NULL,1061702,1061701,1061701,1061692,LIMIT,BUY,1,20,2018-08-17T05:07:40.117,2018-08-17T05:07:40.120
choice-moving,Surfer3@bmm,4841,325,6393,6393,650,NULL,1061703,1061703,1061703,NULL,LIMIT,BUY,1,99,2018-08-17T05:07:40.198,2018-08-17T05:07:40.201
choice-moving,Surfer3@bmm,4841,325,6393,6393,650,NULL,1061704,1061704,1061704,NULL,LIMIT,BUY,1,99,2018-08-17T05:07:41.333,2018-08-17T05:07:41.336
choice-moving,Surfer2@bmm,4840,325,6393,6393,650,NULL,1061705,1061705,1061705,NULL,LIMIT,BUY,98,0,2018-08-17T05:07:41.732,2018-08-17T05:07:41.735
choice-moving,Surfer3@bmm,4841,325,6393,6393,650,NULL,1061706,1061706,1061706,NULL,LIMIT,BUY,1,99,2018-08-17T05:07:41.976,2018-08-17T05:07:41.978
choice-moving,Surfer3@bmm,4841,325,6393,6393,650,NULL,1061707,1061707,1061707,NULL,LIMIT,BUY,1,99,2018-08-17T05:07:42.331,2018-08-17T05:07:42.334
choice-moving,Surfer8@bmm,4846,325,6393,6393,650,NULL,1061708,1061708,1061708,1061675,LIMIT,SELL,1,100,2018-08-17T05:07:42.342,2018-08-17T05:07:42.347
choice-moving,Surfer3@bmm,4841,325,6393,6393,650,NULL,1061709,1061709,1061709,NULL,LIMIT,BUY,1,99,2018-08-17T05:07:43.191,2018-08-17T05:07:43.193
choice-moving,Surfer2@bmm,4840,325,6393,6393,650,NULL,1061710,1061710,1061710,NULL,LIMIT,BUY,98,0,2018-08-17T05:07:43.507,2018-08-17T05:07:43.509
choice-moving,Surfer13@bmm,4851,325,6393,6393,653,NULL,1061711,1061711,1061711,NULL,LIMIT,SELL,4,1,2018-08-17T05:07:44.115,2018-08-17T05:07:44.117
choice-moving,Surfer8@bmm,4846,325,6393,6393,650,NULL,1061712,1061712,1061712,1061676,LIMIT,SELL,1,100,2018-08-17T05:07:47.316,2018-08-17T05:07:47.322
choice-moving,Surfer17@bmm,4855,325,6393,6393,651,NULL,1061713,1061713,1061713,NULL,LIMIT,SELL,1,22,2018-08-17T05:07:47.601,2018-08-17T05:07:47.603
choice-moving,Surfer15@bmm,4853,325,6393,6393,652,NULL,1061714,1061714,1061714,0,LIMIT,BUY,1,99,2018-08-17T05:07:48.877,2018-08-17T05:07:48.885
choice-moving,Surfer15@bmm,4853,325,6393,6393,652,NULL,1061715,1061714,1061714,1061688,LIMIT,BUY,1,12,2018-08-17T05:07:48.882,2018-08-17T05:07:48.885
choice-moving,Surfer14@bmm,4852,325,6393,6393,652,NULL,1061716,1061716,1061716,1061683,LIMIT,SELL,1,3,2018-08-17T05:07:49.473,2018-08-17T05:07:49.479
choice-moving,Surfer5@bmm,4843,325,6393,6393,650,NULL,1061717,1061717,1061717,NULL,LIMIT,BUY,1,0,2018-08-17T05:07:50.405,2018-08-17T05:07:50.407
choice-moving,Surfer15@bmm,4853,325,6393,6393,652,NULL,1061718,1061718,1061718,0,LIMIT,BUY,1,99,2018-08-17T05:07:50.428,2018-08-17T05:07:50.435
choice-moving,Surfer15@bmm,4853,325,6393,6393,652,NULL,1061719,1061718,1061718,1061687,LIMIT,BUY,1,18,2018-08-17T05:07:50.432,2018-08-17T05:07:50.436
choice-moving,Surfer17@bmm,4855,325,6393,6393,651,NULL,1061720,1061720,1061720,NULL,LIMIT,SELL,1,39,2018-08-17T05:07:50.906,2018-08-17T05:07:50.908
choice-moving,Surfer15@bmm,4853,325,6393,6393,652,NULL,1061721,1061721,1061721,0,LIMIT,BUY,1,99,2018-08-17T05:07:51.454,2018-08-17T05:07:51.461
choice-moving,Surfer15@bmm,4853,325,6393,6393,652,NULL,1061722,1061721,1061721,1061599,LIMIT,BUY,1,31,2018-08-17T05:07:51.458,2018-08-17T05:07:51.462
choice-moving,Surfer11@bmm,4849,325,6393,6393,651,NULL,1061723,1061723,1061723,1061786,LIMIT,SELL,4,100,2018-08-17T05:07:52.031,2018-08-17T05:09:55.304
choice-moving,Surfer17@bmm,4855,325,6393,6393,651,NULL,1061724,1061724,1061724,NULL,LIMIT,SELL,1,51,2018-08-17T05:07:53.909,2018-08-17T05:07:53.912
choice-moving,Surfer15@bmm,4853,325,6393,6393,650,NULL,1061725,1061725,1061725,NULL,LIMIT,BUY,1,99,2018-08-17T05:07:56.536,2018-08-17T05:07:56.538
choice-moving,Surfer9@bmm,4847,325,6393,6393,651,NULL,1061726,1061726,1061726,NULL,LIMIT,SELL,1,80,2018-08-17T05:08:03.139,2018-08-17T05:08:03.141
choice-moving,Surfer8@bmm,4846,325,6393,6393,653,NULL,1061727,1061727,1061727,1061556,LIMIT,BUY,1,1,2018-08-17T05:08:05.308,2018-08-17T05:08:05.315
choice-moving,Surfer15@bmm,4853,325,6393,6393,652,NULL,1061728,1061728,1061728,NULL,LIMIT,SELL,1,99,2018-08-17T05:08:08.820,2018-08-17T05:08:08.823
choice-moving,Surfer18@bmm,4856,325,6393,6393,652,NULL,1061729,1061729,1061729,1061758,LIMIT,SELL,1,60,2018-08-17T05:08:09.681,2018-08-17T05:09:14.681
choice-moving,Surfer13@bmm,4851,325,6393,6393,651,NULL,1061730,1061730,1061730,1061785,LIMIT,SELL,2,60,2018-08-17T05:08:10.802,2018-08-17T05:09:54.180
choice-moving,Surfer18@bmm,4856,325,6393,6393,652,NULL,1061731,1061731,1061731,1061760,LIMIT,SELL,1,50,2018-08-17T05:08:14.552,2018-08-17T05:09:15.449
choice-moving,Surfer7@bmm,4845,325,6393,6393,651,NULL,1061732,1061732,1061732,1061774,LIMIT,SELL,1,20,2018-08-17T05:08:16.993,2018-08-17T05:09:36.053
choice-moving,Surfer7@bmm,4845,325,6393,6393,651,NULL,1061733,1061733,1061733,1061737,LIMIT,SELL,1,20,2018-08-17T05:08:17.226,2018-08-17T05:08:19.717
choice-moving,Surfer4@bmm,4842,325,6393,6393,652,NULL,1061734,1061734,1061734,1061770,LIMIT,SELL,1,16,2018-08-17T05:08:18.331,2018-08-17T05:09:30.911
choice-moving,Surfer4@bmm,4842,325,6393,6393,652,NULL,1061735,1061735,1061735,1061769,LIMIT,SELL,1,16,2018-08-17T05:08:18.878,2018-08-17T05:09:29.970
choice-moving,Surfer12@bmm,4850,325,6393,6393,652,NULL,1061736,1061736,1061736,1061911,LIMIT,SELL,1,30,2018-08-17T05:08:19.483,2018-08-17T05:12:30.771
choice-moving,Surfer7@bmm,4845,325,6393,6393,651,NULL,1061737,1061733,1061733,1061733,CANCEL,SELL,1,20,2018-08-17T05:08:19.712,2018-08-17T05:08:19.717
choice-moving,Surfer12@bmm,4850,325,6393,6393,652,NULL,1061738,1061738,1061738,1061910,LIMIT,SELL,1,30,2018-08-17T05:08:20.559,2018-08-17T05:12:27.130
choice-moving,Surfer18@bmm,4856,325,6393,6393,652,NULL,1061739,1061739,1061739,1061761,LIMIT,SELL,1,40,2018-08-17T05:08:21.610,2018-08-17T05:09:16.229
choice-moving,Surfer9@bmm,4847,325,6393,6393,653,NULL,1061740,1061740,1061740,NULL,LIMIT,SELL,1,60,2018-08-17T05:08:24.195,2018-08-17T05:08:24.197
choice-moving,Surfer18@bmm,4856,325,6393,6393,652,NULL,1061741,1061741,1061741,1061743,LIMIT,SELL,1,10,2018-08-17T05:08:27.125,2018-08-17T05:08:27.678
choice-moving,Surfer8@bmm,4846,325,6393,6393,652,NULL,1061742,1061742,1061742,0,LIMIT,BUY,1,16,2018-08-17T05:08:27.670,2018-08-17T05:08:27.678
choice-moving,Surfer8@bmm,4846,325,6393,6393,652,NULL,1061743,1061742,1061742,1061741,LIMIT,BUY,1,10,2018-08-17T05:08:27.675,2018-08-17T05:08:27.678
choice-moving,Surfer7@bmm,4845,325,6393,6393,651,NULL,1061744,1061744,1061744,1061746,LIMIT,SELL,1,10,2018-08-17T05:08:29.734,2018-08-17T05:08:35.997
choice-moving,Surfer8@bmm,4846,325,6393,6393,651,NULL,1061745,1061745,1061745,0,LIMIT,BUY,1,20,2018-08-17T05:08:35.989,2018-08-17T05:08:35.997
choice-moving,Surfer8@bmm,4846,325,6393,6393,651,NULL,1061746,1061745,1061745,1061744,LIMIT,BUY,1,10,2018-08-17T05:08:35.994,2018-08-17T05:08:35.997
choice-moving,Surfer14@bmm,4852,325,6393,6393,652,NULL,1061747,1061747,1061747,1061767,LIMIT,SELL,1,3,2018-08-17T05:08:37.085,2018-08-17T05:09:26.862
choice-moving,Surfer10@bmm,4848,325,6393,6393,652,NULL,1061748,1061748,1061748,1061787,LIMIT,SELL,1,15,2018-08-17T05:08:38.981,2018-08-17T05:09:57.644
choice-moving,Surfer6@bmm,4844,325,6393,6393,652,NULL,1061749,1061749,1061749,1061757,LIMIT,SELL,1,1,2018-08-17T05:08:45.826,2018-08-17T05:09:10.203
choice-moving,Surfer11@bmm,4849,325,6393,6393,653,NULL,1061750,1061750,1061750,NULL,LIMIT,SELL,4,1,2018-08-17T05:08:48.093,2018-08-17T05:08:48.096
choice-moving,Surfer15@bmm,4853,325,6393,6393,651,NULL,1061751,1061751,1061751,NULL,LIMIT,SELL,1,100,2018-08-17T05:09:00.244,2018-08-17T05:09:00.246
choice-moving,Surfer15@bmm,4853,325,6393,6393,651,NULL,1061752,1061752,1061752,NULL,LIMIT,SELL,1,100,2018-08-17T05:09:06.208,2018-08-17T05:09:06.210
choice-moving,Surfer15@bmm,4853,325,6393,6393,651,NULL,1061753,1061753,1061753,NULL,LIMIT,SELL,1,100,2018-08-17T05:09:06.525,2018-08-17T05:09:06.528
choice-moving,Surfer15@bmm,4853,325,6393,6393,651,NULL,1061754,1061754,1061754,NULL,LIMIT,SELL,1,100,2018-08-17T05:09:06.829,2018-08-17T05:09:06.831
choice-moving,Surfer15@bmm,4853,325,6393,6393,651,NULL,1061755,1061755,1061755,NULL,LIMIT,SELL,1,100,2018-08-17T05:09:07.146,2018-08-17T05:09:07.148
choice-moving,Surfer15@bmm,4853,325,6393,6393,651,NULL,1061756,1061756,1061756,NULL,LIMIT,SELL,1,100,2018-08-17T05:09:07.473,2018-08-17T05:09:07.475
choice-moving,Surfer4@bmm,4842,325,6393,6393,652,NULL,1061757,1061757,1061757,1061749,LIMIT,BUY,1,1,2018-08-17T05:09:10.194,2018-08-17T05:09:10.203
choice-moving,Surfer18@bmm,4856,325,6393,6393,652,NULL,1061758,1061729,1061729,1061729,CANCEL,SELL,1,60,2018-08-17T05:09:14.677,2018-08-17T05:09:14.681
choice-moving,Surfer17@bmm,4855,325,6393,6393,651,NULL,1061759,1061759,1061759,NULL,LIMIT,SELL,1,100,2018-08-17T05:09:15.299,2018-08-17T05:09:15.301
choice-moving,Surfer18@bmm,4856,325,6393,6393,652,NULL,1061760,1061731,1061731,1061731,CANCEL,SELL,1,50,2018-08-17T05:09:15.444,2018-08-17T05:09:15.448
choice-moving,Surfer18@bmm,4856,325,6393,6393,652,NULL,1061761,1061739,1061739,1061739,CANCEL,SELL,1,40,2018-08-17T05:09:16.225,2018-08-17T05:09:16.229
choice-moving,Surfer9@bmm,4847,325,6393,6393,653,NULL,1061762,1061762,1061762,NULL,LIMIT,SELL,1,100,2018-08-17T05:09:23.024,2018-08-17T05:09:23.026
choice-moving,Surfer18@bmm,4856,325,6393,6393,652,NULL,1061763,1061763,1061763,1061841,LIMIT,SELL,1,10,2018-08-17T05:09:23.079,2018-08-17T05:11:12.302
choice-moving,Surfer16@bmm,4854,325,6393,6393,650,NULL,1061764,1061764,1061764,NULL,LIMIT,BUY,6,22,2018-08-17T05:09:25.752,2018-08-17T05:09:25.754
choice-moving,Surfer16@bmm,4854,325,6393,6393,650,NULL,1061765,1061765,1061765,1061782,LIMIT,BUY,6,22,2018-08-17T05:09:25.925,2018-08-17T05:09:46.684
choice-moving,Surfer4@bmm,4842,325,6393,6393,652,NULL,1061766,1061766,1061766,0,LIMIT,BUY,1,36,2018-08-17T05:09:26.854,2018-08-17T05:09:26.862
choice-moving,Surfer4@bmm,4842,325,6393,6393,652,NULL,1061767,1061766,1061766,1061747,LIMIT,BUY,1,3,2018-08-17T05:09:26.859,2018-08-17T05:09:26.862
choice-moving,Surfer17@bmm,4855,325,6393,6393,650,NULL,1061768,1061768,1061768,1061793,LIMIT,BUY,1,100,2018-08-17T05:09:29.079,2018-08-17T05:10:03.118
choice-moving,Surfer4@bmm,4842,325,6393,6393,652,NULL,1061769,1061735,1061735,1061735,CANCEL,SELL,1,16,2018-08-17T05:09:29.966,2018-08-17T05:09:29.970
choice-moving,Surfer4@bmm,4842,325,6393,6393,652,NULL,1061770,1061734,1061734,1061734,CANCEL,SELL,1,16,2018-08-17T05:09:30.907,2018-08-17T05:09:30.911
choice-moving,Surfer15@bmm,4853,325,6393,6393,652,NULL,1061771,1061771,1061771,NULL,LIMIT,SELL,1,32,2018-08-17T05:09:33.908,2018-08-17T05:09:33.910
choice-moving,Surfer15@bmm,4853,325,6393,6393,652,NULL,1061772,1061772,1061772,NULL,LIMIT,SELL,1,32,2018-08-17T05:09:35.486,2018-08-17T05:09:35.488
choice-moving,Surfer1@bmm,4839,325,6393,6393,651,NULL,1061773,1061773,1061773,0,LIMIT,BUY,1,28,2018-08-17T05:09:36.045,2018-08-17T05:09:36.053
choice-moving,Surfer1@bmm,4839,325,6393,6393,651,NULL,1061774,1061773,1061773,1061732,LIMIT,BUY,1,20,2018-08-17T05:09:36.050,2018-08-17T05:09:36.053
choice-moving,Surfer9@bmm,4847,325,6393,6393,651,NULL,1061775,1061775,1061775,NULL,LIMIT,SELL,1,83,2018-08-17T05:09:37.808,2018-08-17T05:09:37.811
choice-moving,Surfer16@bmm,4854,325,6393,6393,652,NULL,1061776,1061776,1061776,1061804,LIMIT,SELL,1,6,2018-08-17T05:09:39.389,2018-08-17T05:10:18.611
choice-moving,Surfer4@bmm,4842,325,6393,6393,652,NULL,1061777,1061777,1061777,NULL,LIMIT,SELL,1,43,2018-08-17T05:09:39.627,2018-08-17T05:09:39.630
choice-moving,Surfer16@bmm,4854,325,6393,6393,652,NULL,1061778,1061778,1061778,1061809,LIMIT,SELL,1,6,2018-08-17T05:09:40.151,2018-08-17T05:10:23.830
choice-moving,Surfer18@bmm,4856,325,6393,6393,653,NULL,1061779,1061779,1061779,1061908,LIMIT,BUY,1,0,2018-08-17T05:09:40.322,2018-08-17T05:12:19.994
choice-moving,Surfer16@bmm,4854,325,6393,6393,652,NULL,1061780,1061780,1061780,1061810,LIMIT,SELL,1,6,2018-08-17T05:09:40.911,2018-08-17T05:10:23.830
choice-moving,Surfer16@bmm,4854,325,6393,6393,652,NULL,1061781,1061781,1061781,1061811,LIMIT,SELL,1,6,2018-08-17T05:09:42.325,2018-08-17T05:10:23.831
choice-moving,Surfer16@bmm,4854,325,6393,6393,650,NULL,1061782,1061765,1061765,1061765,CANCEL,BUY,6,22,2018-08-17T05:09:46.679,2018-08-17T05:09:46.683
choice-moving,Surfer13@bmm,4851,325,6393,6393,651,NULL,1061783,1061783,1061783,1061858,LIMIT,SELL,1,10,2018-08-17T05:09:52.013,2018-08-17T05:11:24.298
choice-moving,Surfer5@bmm,4843,325,6393,6393,650,NULL,1061784,1061784,1061784,NULL,LIMIT,BUY,1,0,2018-08-17T05:09:52.089,2018-08-17T05:09:52.091
choice-moving,Surfer13@bmm,4851,325,6393,6393,651,NULL,1061785,1061730,1061730,1061730,CANCEL,SELL,2,60,2018-08-17T05:09:54.175,2018-08-17T05:09:54.180
choice-moving,Surfer11@bmm,4849,325,6393,6393,651,NULL,1061786,1061723,1061723,1061723,CANCEL,SELL,4,100,2018-08-17T05:09:55.299,2018-08-17T05:09:55.304
choice-moving,Surfer10@bmm,4848,325,6393,6393,652,NULL,1061787,1061748,1061748,1061748,CANCEL,SELL,1,15,2018-08-17T05:09:57.639,2018-08-17T05:09:57.644
choice-moving,Surfer13@bmm,4851,325,6393,6393,651,NULL,1061788,1061788,1061788,1061794,LIMIT,SELL,2,10,2018-08-17T05:09:59.954,2018-08-17T05:10:04.079
choice-moving,Surfer11@bmm,4849,325,6393,6393,651,NULL,1061789,1061789,1061789,NULL,LIMIT,SELL,4,1,2018-08-17T05:10:00.507,2018-08-17T05:10:00.510
choice-moving,Surfer10@bmm,4848,325,6393,6393,652,NULL,1061790,1061790,1061790,1061796,LIMIT,SELL,1,5,2018-08-17T05:10:01.973,2018-08-17T05:10:09.639
choice-moving,Surfer6@bmm,4844,325,6393,6393,650,NULL,1061791,1061791,1061791,NULL,LIMIT,BUY,1,98,2018-08-17T05:10:03.056,2018-08-17T05:10:03.058
choice-moving,Surfer16@bmm,4854,325,6393,6393,650,NULL,1061792,1061792,1061792,0,LIMIT,SELL,1,0,2018-08-17T05:10:03.109,2018-08-17T05:10:03.118
choice-moving,Surfer16@bmm,4854,325,6393,6393,650,NULL,1061793,1061792,1061792,1061768,LIMIT,SELL,1,100,2018-08-17T05:10:03.115,2018-08-17T05:10:03.118
choice-moving,Surfer13@bmm,4851,325,6393,6393,651,NULL,1061794,1061788,1061788,1061788,CANCEL,SELL,2,10,2018-08-17T05:10:04.074,2018-08-17T05:10:04.079
choice-moving,Surfer14@bmm,4852,325,6393,6393,652,NULL,1061795,1061795,1061795,1061802,LIMIT,SELL,1,5,2018-08-17T05:10:06.595,2018-08-17T05:10:17.323
choice-moving,Surfer10@bmm,4848,325,6393,6393,652,NULL,1061796,1061790,1061790,1061790,CANCEL,SELL,1,5,2018-08-17T05:10:09.632,2018-08-17T05:10:09.639
choice-moving,Surfer8@bmm,4846,325,6393,6393,650,NULL,1061797,1061797,1061797,1061890,LIMIT,BUY,1,100,2018-08-17T05:10:10.537,2018-08-17T05:11:53.647
choice-moving,Surfer10@bmm,4848,325,6393,6393,652,NULL,1061798,1061798,1061798,1061800,LIMIT,SELL,1,4,2018-08-17T05:10:14.459,2018-08-17T05:10:14.522
choice-moving,Surfer2@bmm,4840,325,6393,6393,652,NULL,1061799,1061799,1061799,0,LIMIT,BUY,1,11,2018-08-17T05:10:14.514,2018-08-17T05:10:14.521
choice-moving,Surfer2@bmm,4840,325,6393,6393,652,NULL,1061800,1061799,1061799,1061798,LIMIT,BUY,1,4,2018-08-17T05:10:14.518,2018-08-17T05:10:14.522
choice-moving,Surfer2@bmm,4840,325,6393,6393,652,NULL,1061801,1061801,1061801,0,LIMIT,BUY,1,11,2018-08-17T05:10:17.315,2018-08-17T05:10:17.323
choice-moving,Surfer2@bmm,4840,325,6393,6393,652,NULL,1061802,1061801,1061801,1061795,LIMIT,BUY,1,5,2018-08-17T05:10:17.319,2018-08-17T05:10:17.323
choice-moving,Surfer2@bmm,4840,325,6393,6393,652,NULL,1061803,1061803,1061803,0,LIMIT,BUY,1,11,2018-08-17T05:10:18.603,2018-08-17T05:10:18.611
choice-moving,Surfer2@bmm,4840,325,6393,6393,652,NULL,1061804,1061803,1061803,1061776,LIMIT,BUY,1,6,2018-08-17T05:10:18.608,2018-08-17T05:10:18.611
choice-moving,Surfer2@bmm,4840,325,6393,6393,652,NULL,1061805,1061805,1061805,NULL,LIMIT,SELL,1,11,2018-08-17T05:10:21.411,2018-08-17T05:10:21.413
choice-moving,Surfer2@bmm,4840,325,6393,6393,652,NULL,1061806,1061806,1061806,NULL,LIMIT,SELL,1,11,2018-08-17T05:10:22.741,2018-08-17T05:10:22.743
choice-moving,Surfer2@bmm,4840,325,6393,6393,652,NULL,1061807,1061807,1061807,NULL,LIMIT,SELL,1,11,2018-08-17T05:10:23.770,2018-08-17T05:10:23.772
choice-moving,Surfer4@bmm,4842,325,6393,6393,652,NULL,1061808,1061808,1061808,0,LIMIT,BUY,3,6,2018-08-17T05:10:23.816,2018-08-17T05:10:23.830
choice-moving,Surfer4@bmm,4842,325,6393,6393,652,NULL,1061809,1061808,1061808,1061778,LIMIT,BUY,1,6,2018-08-17T05:10:23.821,2018-08-17T05:10:23.830
choice-moving,Surfer4@bmm,4842,325,6393,6393,652,NULL,1061810,1061808,1061808,1061780,LIMIT,BUY,1,6,2018-08-17T05:10:23.824,2018-08-17T05:10:23.830
choice-moving,Surfer4@bmm,4842,325,6393,6393,652,NULL,1061811,1061808,1061808,1061781,LIMIT,BUY,1,6,2018-08-17T05:10:23.827,2018-08-17T05:10:23.831
choice-moving,Surfer7@bmm,4845,325,6393,6393,651,NULL,1061812,1061812,1061812,NULL,LIMIT,SELL,1,10,2018-08-17T05:10:27.583,2018-08-17T05:10:27.586
choice-moving,Surfer9@bmm,4847,325,6393,6393,650,NULL,1061813,1061813,1061813,NULL,LIMIT,BUY,1,92,2018-08-17T05:10:29.239,2018-08-17T05:10:29.241
choice-moving,Surfer2@bmm,4840,325,6393,6393,650,NULL,1061814,1061814,1061814,NULL,LIMIT,BUY,1,25,2018-08-17T05:10:31.130,2018-08-17T05:10:31.132
choice-moving,Surfer2@bmm,4840,325,6393,6393,650,NULL,1061815,1061815,1061815,NULL,LIMIT,BUY,1,25,2018-08-17T05:10:32.340,2018-08-17T05:10:32.342
choice-moving,Surfer2@bmm,4840,325,6393,6393,650,NULL,1061816,1061816,1061816,NULL,LIMIT,BUY,1,25,2018-08-17T05:10:33.259,2018-08-17T05:10:33.261
choice-moving,Surfer8@bmm,4846,325,6393,6393,651,NULL,1061817,1061817,1061817,NULL,LIMIT,SELL,1,35,2018-08-17T05:10:34.636,2018-08-17T05:10:34.638
choice-moving,Surfer2@bmm,4840,325,6393,6393,650,NULL,1061818,1061818,1061818,NULL,LIMIT,BUY,1,96,2018-08-17T05:10:37.010,2018-08-17T05:10:37.012
choice-moving,Surfer9@bmm,4847,325,6393,6393,650,NULL,1061819,1061819,1061819,NULL,LIMIT,BUY,3,80,2018-08-17T05:10:37.448,2018-08-17T05:10:37.450
choice-moving,Surfer2@bmm,4840,325,6393,6393,650,NULL,1061820,1061820,1061820,NULL,LIMIT,BUY,1,96,2018-08-17T05:10:37.833,2018-08-17T05:10:37.835
choice-moving,Surfer4@bmm,4842,325,6393,6393,652,NULL,1061821,1061821,1061821,NULL,LIMIT,SELL,3,49,2018-08-17T05:10:38.126,2018-08-17T05:10:38.128
choice-moving,Surfer2@bmm,4840,325,6393,6393,650,NULL,1061822,1061822,1061822,NULL,LIMIT,BUY,1,96,2018-08-17T05:10:38.697,2018-08-17T05:10:38.699
choice-moving,Surfer2@bmm,4840,325,6393,6393,650,NULL,1061823,1061823,1061823,NULL,LIMIT,BUY,1,96,2018-08-17T05:10:39.747,2018-08-17T05:10:39.749
choice-moving,Surfer2@bmm,4840,325,6393,6393,650,NULL,1061824,1061824,1061824,NULL,LIMIT,BUY,1,96,2018-08-17T05:10:44.421,2018-08-17T05:10:44.423
choice-moving,Surfer18@bmm,4856,325,6393,6393,652,NULL,1061825,1061825,1061825,1061836,LIMIT,SELL,1,8,2018-08-17T05:10:45.162,2018-08-17T05:11:03.474
choice-moving,Surfer8@bmm,4846,325,6393,6393,652,NULL,1061826,1061826,1061826,1061899,LIMIT,SELL,1,9,2018-08-17T05:10:46.467,2018-08-17T05:12:07.904
choice-moving,Surfer9@bmm,4847,325,6393,6393,650,NULL,1061827,1061827,1061827,NULL,LIMIT,BUY,5,96,2018-08-17T05:10:46.641,2018-08-17T05:10:46.643
choice-moving,Surfer18@bmm,4856,325,6393,6393,652,NULL,1061828,1061828,1061828,1061832,LIMIT,SELL,1,6,2018-08-17T05:10:46.753,2018-08-17T05:10:59.065
choice-moving,Surfer1@bmm,4839,325,6393,6393,650,NULL,1061829,1061829,1061829,NULL,LIMIT,BUY,1,39,2018-08-17T05:10:50.077,2018-08-17T05:10:50.080
choice-moving,Surfer1@bmm,4839,325,6393,6393,650,NULL,1061830,1061830,1061830,NULL,LIMIT,BUY,1,90,2018-08-17T05:10:58.668,2018-08-17T05:10:58.671
choice-moving,Surfer2@bmm,4840,325,6393,6393,652,NULL,1061831,1061831,1061831,0,LIMIT,BUY,1,9,2018-08-17T05:10:59.058,2018-08-17T05:10:59.065
choice-moving,Surfer2@bmm,4840,325,6393,6393,652,NULL,1061832,1061831,1061831,1061828,LIMIT,BUY,1,6,2018-08-17T05:10:59.062,2018-08-17T05:10:59.066
choice-moving,Surfer2@bmm,4840,325,6393,6393,652,NULL,1061833,1061833,1061833,NULL,LIMIT,SELL,1,9,2018-08-17T05:11:00.497,2018-08-17T05:11:00.500
choice-moving,Surfer19@bmm,4857,325,6393,6393,651,NULL,1061834,1061834,1061834,NULL,LIMIT,SELL,1,1,2018-08-17T05:11:02.580,2018-08-17T05:11:02.582
choice-moving,Surfer2@bmm,4840,325,6393,6393,652,NULL,1061835,1061835,1061835,0,LIMIT,BUY,1,9,2018-08-17T05:11:03.466,2018-08-17T05:11:03.474
choice-moving,Surfer2@bmm,4840,325,6393,6393,652,NULL,1061836,1061835,1061835,1061825,LIMIT,BUY,1,8,2018-08-17T05:11:03.471,2018-08-17T05:11:03.474
choice-moving,Surfer2@bmm,4840,325,6393,6393,652,NULL,1061837,1061837,1061837,NULL,LIMIT,SELL,1,9,2018-08-17T05:11:04.932,2018-08-17T05:11:04.934
choice-moving,Surfer19@bmm,4857,325,6393,6393,651,NULL,1061838,1061838,1061838,NULL,LIMIT,SELL,1,1,2018-08-17T05:11:07.854,2018-08-17T05:11:07.858
choice-moving,Surfer19@bmm,4857,325,6393,6393,651,NULL,1061839,1061839,1061839,NULL,LIMIT,SELL,1,1,2018-08-17T05:11:09.200,2018-08-17T05:11:09.210
choice-moving,Surfer19@bmm,4857,325,6393,6393,651,NULL,1061840,1061840,1061840,NULL,LIMIT,SELL,1,1,2018-08-17T05:11:10.070,2018-08-17T05:11:10.072
choice-moving,Surfer18@bmm,4856,325,6393,6393,652,NULL,1061841,1061763,1061763,1061763,CANCEL,SELL,1,10,2018-08-17T05:11:12.298,2018-08-17T05:11:12.302
choice-moving,Surfer1@bmm,4839,325,6393,6393,653,NULL,1061842,1061619,1061619,1061619,CANCEL,SELL,1,77,2018-08-17T05:11:14.514,2018-08-17T05:11:14.519
choice-moving,Surfer1@bmm,4839,325,6393,6393,653,NULL,1061843,1061619,1061619,1061843,CANCEL,SELL,1,77,2018-08-17T05:11:14.769,2018-08-17T05:11:14.773
choice-moving,Surfer1@bmm,4839,325,6393,6393,653,NULL,1061844,1061613,1061613,1061613,CANCEL,SELL,1,77,2018-08-17T05:11:15.127,2018-08-17T05:11:15.131
choice-moving,Surfer1@bmm,4839,325,6393,6393,653,NULL,1061845,1061613,1061613,1061845,CANCEL,SELL,1,77,2018-08-17T05:11:15.156,2018-08-17T05:11:15.159
choice-moving,Surfer1@bmm,4839,325,6393,6393,653,NULL,1061846,1061631,1061631,1061631,CANCEL,SELL,1,85,2018-08-17T05:11:15.798,2018-08-17T05:11:15.802
choice-moving,Surfer1@bmm,4839,325,6393,6393,653,NULL,1061847,1061631,1061631,1061847,CANCEL,SELL,1,85,2018-08-17T05:11:15.959,2018-08-17T05:11:15.963
choice-moving,Surfer1@bmm,4839,325,6393,6393,653,NULL,1061848,1061610,1061610,1061610,CANCEL,SELL,1,77,2018-08-17T05:11:17.028,2018-08-17T05:11:17.032
choice-moving,Surfer1@bmm,4839,325,6393,6393,653,NULL,1061849,1061849,1061849,1061888,LIMIT,SELL,1,17,2018-08-17T05:11:18.921,2018-08-17T05:11:52.012
choice-moving,Surfer6@bmm,4844,325,6393,6393,652,NULL,1061850,1061850,1061850,1061912,LIMIT,SELL,1,8,2018-08-17T05:11:18.952,2018-08-17T05:12:31.334
choice-moving,Surfer1@bmm,4839,325,6393,6393,653,NULL,1061851,1061851,1061851,1061886,LIMIT,SELL,1,17,2018-08-17T05:11:20.415,2018-08-17T05:11:51.630
choice-moving,Surfer8@bmm,4846,325,6393,6393,653,NULL,1061852,1061852,1061852,NULL,LIMIT,SELL,1,11,2018-08-17T05:11:20.774,2018-08-17T05:11:20.777
choice-moving,Surfer1@bmm,4839,325,6393,6393,653,NULL,1061853,1061853,1061853,1061884,LIMIT,SELL,1,17,2018-08-17T05:11:20.876,2018-08-17T05:11:51.244
choice-moving,Surfer1@bmm,4839,325,6393,6393,653,NULL,1061854,1061854,1061854,1061882,LIMIT,SELL,1,17,2018-08-17T05:11:21.129,2018-08-17T05:11:50.881
choice-moving,Surfer2@bmm,4840,325,6393,6393,650,NULL,1061855,1061855,1061855,NULL,LIMIT,BUY,1,19,2018-08-17T05:11:21.572,2018-08-17T05:11:21.575
choice-moving,Surfer13@bmm,4851,325,6393,6393,651,NULL,1061856,1061856,1061856,NULL,LIMIT,SELL,2,1,2018-08-17T05:11:22.440,2018-08-17T05:11:22.443
choice-moving,Surfer6@bmm,4844,325,6393,6393,652,NULL,1061857,1061857,1061857,1061863,LIMIT,SELL,1,0,2018-08-17T05:11:22.806,2018-08-17T05:11:31.485
choice-moving,Surfer13@bmm,4851,325,6393,6393,651,NULL,1061858,1061783,1061783,1061783,CANCEL,SELL,1,10,2018-08-17T05:11:24.294,2018-08-17T05:11:24.298
choice-moving,Surfer2@bmm,4840,325,6393,6393,650,NULL,1061859,1061859,1061859,NULL,LIMIT,BUY,1,8,2018-08-17T05:11:25.155,2018-08-17T05:11:25.157
choice-moving,Surfer13@bmm,4851,325,6393,6393,651,NULL,1061860,1061860,1061860,NULL,LIMIT,SELL,1,1,2018-08-17T05:11:27.587,2018-08-17T05:11:27.590
choice-moving,Surfer8@bmm,4846,325,6393,6393,652,NULL,1061861,1061861,1061861,1061901,LIMIT,SELL,1,6,2018-08-17T05:11:28.911,2018-08-17T05:12:11.670
choice-moving,Surfer4@bmm,4842,325,6393,6393,652,NULL,1061862,1061862,1061862,1061871,LIMIT,SELL,1,6,2018-08-17T05:11:31.388,2018-08-17T05:11:38.289
choice-moving,Surfer18@bmm,4856,325,6393,6393,652,NULL,1061863,1061863,1061863,1061857,LIMIT,BUY,1,0,2018-08-17T05:11:31.479,2018-08-17T05:11:31.485
choice-moving,Surfer4@bmm,4842,325,6393,6393,652,NULL,1061864,1061864,1061864,1061870,LIMIT,SELL,1,6,2018-08-17T05:11:31.622,2018-08-17T05:11:37.918
choice-moving,Surfer4@bmm,4842,325,6393,6393,652,NULL,1061865,1061865,1061865,1061869,LIMIT,SELL,1,6,2018-08-17T05:11:31.856,2018-08-17T05:11:37.506
choice-moving,Surfer5@bmm,4843,325,6393,6393,650,NULL,1061866,1061866,1061866,NULL,LIMIT,BUY,1,0,2018-08-17T05:11:33.557,2018-08-17T05:11:33.560
choice-moving,Surfer2@bmm,4840,325,6393,6393,650,NULL,1061867,1061867,1061867,NULL,LIMIT,BUY,1,2,2018-08-17T05:11:33.689,2018-08-17T05:11:33.692
choice-moving,Surfer3@bmm,4841,325,6393,6393,652,NULL,1061868,1061868,1061868,1061913,LIMIT,BUY,1,0,2018-08-17T05:11:37.443,2018-08-17T05:12:32.891
choice-moving,Surfer4@bmm,4842,325,6393,6393,652,NULL,1061869,1061865,1061865,1061865,CANCEL,SELL,1,6,2018-08-17T05:11:37.502,2018-08-17T05:11:37.506
choice-moving,Surfer4@bmm,4842,325,6393,6393,652,NULL,1061870,1061864,1061864,1061864,CANCEL,SELL,1,6,2018-08-17T05:11:37.913,2018-08-17T05:11:37.917
choice-moving,Surfer4@bmm,4842,325,6393,6393,652,NULL,1061871,1061862,1061862,1061862,CANCEL,SELL,1,6,2018-08-17T05:11:38.285,2018-08-17T05:11:38.289
choice-moving,Surfer18@bmm,4856,325,6393,6393,652,NULL,1061872,1061872,1061872,NULL,LIMIT,SELL,1,5,2018-08-17T05:11:40.146,2018-08-17T05:11:40.148
choice-moving,Surfer18@bmm,4856,325,6393,6393,652,NULL,1061873,1061873,1061873,NULL,LIMIT,SELL,1,5,2018-08-17T05:11:41.239,2018-08-17T05:11:41.241
choice-moving,Surfer14@bmm,4852,325,6393,6393,650,NULL,1061874,1061874,1061874,1061904,LIMIT,BUY,1,99,2018-08-17T05:11:44.345,2018-08-17T05:12:17.211
choice-moving,Surfer4@bmm,4842,325,6393,6393,652,NULL,1061875,1061875,1061875,NULL,LIMIT,SELL,1,35,2018-08-17T05:11:45.349,2018-08-17T05:11:45.352
choice-moving,Surfer4@bmm,4842,325,6393,6393,652,NULL,1061876,1061876,1061876,NULL,LIMIT,SELL,1,35,2018-08-17T05:11:45.529,2018-08-17T05:11:45.531
choice-moving,Surfer4@bmm,4842,325,6393,6393,652,NULL,1061877,1061877,1061877,NULL,LIMIT,SELL,1,35,2018-08-17T05:11:45.725,2018-08-17T05:11:45.727
choice-moving,Surfer10@bmm,4848,325,6393,6393,651,NULL,1061878,1061878,1061878,1061903,LIMIT,BUY,1,0,2018-08-17T05:11:46.712,2018-08-17T05:12:13.929
choice-moving,Surfer10@bmm,4848,325,6393,6393,651,NULL,1061879,1061879,1061879,1061914,LIMIT,BUY,1,0,2018-08-17T05:11:47.660,2018-08-17T05:12:34.010
choice-moving,Surfer10@bmm,4848,325,6393,6393,651,NULL,1061880,1061880,1061880,1061898,LIMIT,BUY,1,0,2018-08-17T05:11:48.898,2018-08-17T05:12:05.820
choice-moving,Surfer6@bmm,4844,325,6393,6393,650,NULL,1061881,1061881,1061881,NULL,LIMIT,BUY,1,99,2018-08-17T05:11:49.645,2018-08-17T05:11:49.647
choice-moving,Surfer1@bmm,4839,325,6393,6393,653,NULL,1061882,1061854,1061854,1061854,CANCEL,SELL,1,17,2018-08-17T05:11:50.876,2018-08-17T05:11:50.880
choice-moving,Surfer1@bmm,4839,325,6393,6393,653,NULL,1061883,1061854,1061854,1061883,CANCEL,SELL,1,17,2018-08-17T05:11:51.062,2018-08-17T05:11:51.066
choice-moving,Surfer1@bmm,4839,325,6393,6393,653,NULL,1061884,1061853,1061853,1061853,CANCEL,SELL,1,17,2018-08-17T05:11:51.240,2018-08-17T05:11:51.244
choice-moving,Surfer1@bmm,4839,325,6393,6393,653,NULL,1061885,1061853,1061853,1061885,CANCEL,SELL,1,17,2018-08-17T05:11:51.407,2018-08-17T05:11:51.411
choice-moving,Surfer1@bmm,4839,325,6393,6393,653,NULL,1061886,1061851,1061851,1061851,CANCEL,SELL,1,17,2018-08-17T05:11:51.625,2018-08-17T05:11:51.630
choice-moving,Surfer1@bmm,4839,325,6393,6393,653,NULL,1061887,1061851,1061851,1061887,CANCEL,SELL,1,17,2018-08-17T05:11:51.823,2018-08-17T05:11:51.827
choice-moving,Surfer1@bmm,4839,325,6393,6393,653,NULL,1061888,1061849,1061849,1061849,CANCEL,SELL,1,17,2018-08-17T05:11:52.008,2018-08-17T05:11:52.012
choice-moving,Surfer1@bmm,4839,325,6393,6393,653,NULL,1061889,1061849,1061849,1061889,CANCEL,SELL,1,17,2018-08-17T05:11:52.169,2018-08-17T05:11:52.173
choice-moving,Surfer17@bmm,4855,325,6393,6393,650,NULL,1061890,1061890,1061890,1061797,LIMIT,SELL,1,100,2018-08-17T05:11:53.641,2018-08-17T05:11:53.647
choice-moving,Surfer13@bmm,4851,325,6393,6393,652,NULL,1061891,1061891,1061891,1061902,LIMIT,BUY,1,1,2018-08-17T05:11:55.834,2018-08-17T05:12:12.221
choice-moving,Surfer1@bmm,4839,325,6393,6393,653,NULL,1061892,1061892,1061892,NULL,LIMIT,SELL,1,8,2018-08-17T05:11:56.374,2018-08-17T05:11:56.377
choice-moving,Surfer1@bmm,4839,325,6393,6393,653,NULL,1061893,1061893,1061893,NULL,LIMIT,SELL,1,8,2018-08-17T05:11:57.410,2018-08-17T05:11:57.413
choice-moving,Surfer1@bmm,4839,325,6393,6393,653,NULL,1061894,1061894,1061894,NULL,LIMIT,SELL,1,8,2018-08-17T05:11:57.731,2018-08-17T05:11:57.733
choice-moving,Surfer1@bmm,4839,325,6393,6393,653,NULL,1061895,1061895,1061895,NULL,LIMIT,SELL,1,8,2018-08-17T05:11:57.863,2018-08-17T05:11:57.865
choice-moving,Surfer3@bmm,4841,325,6393,6393,650,NULL,1061896,1061552,1061552,1061552,CANCEL,BUY,1,92,2018-08-17T05:11:59.486,2018-08-17T05:11:59.490
choice-moving,Surfer3@bmm,4841,325,6393,6393,650,NULL,1061897,1061550,1061550,1061550,CANCEL,BUY,1,93,2018-08-17T05:12:01.005,2018-08-17T05:12:01.010
choice-moving,Surfer10@bmm,4848,325,6393,6393,651,NULL,1061898,1061880,1061880,1061880,CANCEL,BUY,1,0,2018-08-17T05:12:05.815,2018-08-17T05:12:05.819
choice-moving,Surfer8@bmm,4846,325,6393,6393,652,NULL,1061899,1061826,1061826,1061826,CANCEL,SELL,1,9,2018-08-17T05:12:07.899,2018-08-17T05:12:07.904
choice-moving,Surfer6@bmm,4844,325,6393,6393,651,NULL,1061900,1061900,1061900,1061609,LIMIT,SELL,1,0,2018-08-17T05:12:09.127,2018-08-17T05:12:09.133
choice-moving,Surfer8@bmm,4846,325,6393,6393,652,NULL,1061901,1061861,1061861,1061861,CANCEL,SELL,1,6,2018-08-17T05:12:11.665,2018-08-17T05:12:11.670
choice-moving,Surfer13@bmm,4851,325,6393,6393,652,NULL,1061902,1061891,1061891,1061891,CANCEL,BUY,1,1,2018-08-17T05:12:12.217,2018-08-17T05:12:12.221
choice-moving,Surfer5@bmm,4843,325,6393,6393,651,NULL,1061903,1061903,1061903,1061878,LIMIT,SELL,1,0,2018-08-17T05:12:13.924,2018-08-17T05:12:13.929
choice-moving,Surfer14@bmm,4852,325,6393,6393,650,NULL,1061904,1061874,1061874,1061874,CANCEL,BUY,1,99,2018-08-17T05:12:17.207,2018-08-17T05:12:17.211
choice-moving,Surfer14@bmm,4852,325,6393,6393,650,NULL,1061905,1061651,1061651,1061651,CANCEL,BUY,1,99,2018-08-17T05:12:18.427,2018-08-17T05:12:18.431
choice-moving,Surfer6@bmm,4844,325,6393,6393,650,NULL,1061906,1061906,1061906,NULL,LIMIT,BUY,1,100,2018-08-17T05:12:18.731,2018-08-17T05:12:18.733
choice-moving,Surfer7@bmm,4845,325,6393,6393,653,NULL,1061907,1061570,1061570,1061570,CANCEL,SELL,1,1,2018-08-17T05:12:19.106,2018-08-17T05:12:19.110
choice-moving,Surfer7@bmm,4845,325,6393,6393,653,NULL,1061908,1061908,1061908,1061779,LIMIT,SELL,1,0,2018-08-17T05:12:19.988,2018-08-17T05:12:19.994
choice-moving,Surfer18@bmm,4856,325,6393,6393,653,NULL,1061909,1061909,1061909,1061920,LIMIT,BUY,1,0,2018-08-17T05:12:27.031,2018-08-17T05:12:53.249
choice-moving,Surfer12@bmm,4850,325,6393,6393,652,NULL,1061910,1061738,1061738,1061738,CANCEL,SELL,1,30,2018-08-17T05:12:27.126,2018-08-17T05:12:27.130
choice-moving,Surfer12@bmm,4850,325,6393,6393,652,NULL,1061911,1061736,1061736,1061736,CANCEL,SELL,1,30,2018-08-17T05:12:30.766,2018-08-17T05:12:30.771
choice-moving,Surfer6@bmm,4844,325,6393,6393,652,NULL,1061912,1061850,1061850,1061850,CANCEL,SELL,1,8,2018-08-17T05:12:31.330,2018-08-17T05:12:31.334
choice-moving,Surfer6@bmm,4844,325,6393,6393,652,NULL,1061913,1061913,1061913,1061868,LIMIT,SELL,1,0,2018-08-17T05:12:32.885,2018-08-17T05:12:32.890
choice-moving,Surfer10@bmm,4848,325,6393,6393,651,NULL,1061914,1061879,1061879,1061879,CANCEL,BUY,1,0,2018-08-17T05:12:34.006,2018-08-17T05:12:34.010
choice-moving,Surfer14@bmm,4852,325,6393,6393,652,NULL,1061915,1061700,1061700,1061700,CANCEL,SELL,1,98,2018-08-17T05:12:36.843,2018-08-17T05:12:36.847
choice-moving,Surfer10@bmm,4848,325,6393,6393,650,NULL,1061916,1061684,1061684,1061684,CANCEL,BUY,1,99,2018-08-17T05:12:36.988,2018-08-17T05:12:36.992
choice-moving,Surfer18@bmm,4856,325,6393,6393,652,NULL,1061917,1061917,1061917,NULL,LIMIT,BUY,1,0,2018-08-17T05:12:37.688,2018-08-17T05:12:37.690
choice-moving,Surfer14@bmm,4852,325,6393,6393,652,NULL,1061918,1061918,1061918,NULL,LIMIT,SELL,1,1,2018-08-17T05:12:38.719,2018-08-17T05:12:38.721
choice-moving,Surfer8@bmm,4846,325,6393,6393,652,NULL,1061919,1061919,1061919,NULL,LIMIT,SELL,1,5,2018-08-17T05:12:52.207,2018-08-17T05:12:52.209
choice-moving,Surfer3@bmm,4841,325,6393,6393,653,NULL,1061920,1061920,1061920,1061909,LIMIT,SELL,1,0,2018-08-17T05:12:53.244,2018-08-17T05:12:53.249