account,email,owner,marketplace,session,period,market,target,order,original,supplier,consumer,type,side,units,price,createdDate,lastModifiedDate
choice-moving,Surfer3@bmm,4841,323,6391,6391,642,NULL,1060778,1060778,1060778,1060989,LIMIT,BUY,1,82,2018-08-17T04:47:24.011,2018-08-17T04:50:36.784
choice-moving,Surfer11@bmm,4849,323,6391,6391,645,NULL,1060779,1060779,1060779,1060909,LIMIT,SELL,1,100,2018-08-17T04:47:25.692,2018-08-17T04:49:24.206
choice-moving,Surfer3@bmm,4841,323,6391,6391,642,NULL,1060780,1060780,1060780,1060907,LIMIT,BUY,1,67,2018-08-17T04:47:25.889,2018-08-17T04:49:20.269
choice-moving,Surfer3@bmm,4841,323,6391,6391,642,NULL,1060781,1060781,1060781,1061000,LIMIT,BUY,1,86,2018-08-17T04:47:28.398,2018-08-17T04:50:50.971
choice-moving,Surfer3@bmm,4841,323,6391,6391,642,NULL,1060782,1060782,1060782,1060971,LIMIT,BUY,1,76,2018-08-17T04:47:31.367,2018-08-17T04:50:19.522
choice-moving,Surfer11@bmm,4849,323,6391,6391,645,NULL,1060783,1060783,1060783,1060900,LIMIT,SELL,3,100,2018-08-17T04:47:31.616,2018-08-17T04:49:09.806
choice-moving,Surfer9@bmm,4847,323,6391,6391,645,NULL,1060784,1060784,1060784,NULL,LIMIT,SELL,1,85,2018-08-17T04:47:32.966,2018-08-17T04:47:32.968
choice-moving,Surfer7@bmm,4845,323,6391,6391,645,NULL,1060785,1060785,1060785,1060929,LIMIT,SELL,1,58,2018-08-17T04:47:39.417,2018-08-17T04:49:40.330
choice-moving,Surfer9@bmm,4847,323,6391,6391,642,NULL,1060786,1060786,1060786,NULL,LIMIT,BUY,1,67,2018-08-17T04:47:41.065,2018-08-17T04:47:41.067
choice-moving,Surfer4@bmm,4842,323,6391,6391,642,NULL,1060787,1060787,1060787,1061054,LIMIT,BUY,1,71,2018-08-17T04:47:41.594,2018-08-17T04:52:31.690
choice-moving,Surfer4@bmm,4842,323,6391,6391,642,NULL,1060788,1060788,1060788,1061051,LIMIT,BUY,1,71,2018-08-17T04:47:42.461,2018-08-17T04:52:30.028
choice-moving,Surfer4@bmm,4842,323,6391,6391,642,NULL,1060789,1060789,1060789,1061050,LIMIT,BUY,1,71,2018-08-17T04:47:42.697,2018-08-17T04:52:29.415
choice-moving,Surfer10@bmm,4848,323,6391,6391,643,NULL,1060790,1060790,1060790,1060933,LIMIT,BUY,1,68,2018-08-17T04:47:44.473,2018-08-17T04:49:42.399
choice-moving,Surfer18@bmm,4856,323,6391,6391,643,NULL,1060791,1060791,1060791,1060902,LIMIT,BUY,1,80,2018-08-17T04:47:45.201,2018-08-17T04:49:12.978
choice-moving,Surfer7@bmm,4845,323,6391,6391,645,NULL,1060792,1060792,1060792,1060846,LIMIT,SELL,1,55,2018-08-17T04:47:45.410,2018-08-17T04:48:37.956
choice-moving,Surfer15@bmm,4853,323,6391,6391,642,NULL,1060793,1060793,1060793,1060802,LIMIT,BUY,1,99,2018-08-17T04:47:46.686,2018-08-17T04:48:00.774
choice-moving,Surfer19@bmm,4857,323,6391,6391,645,NULL,1060794,1060794,1060794,NULL,LIMIT,SELL,1,9,2018-08-17T04:47:47.516,2018-08-17T04:47:47.518
choice-moving,Surfer8@bmm,4846,323,6391,6391,642,NULL,1060795,1060795,1060795,1060806,LIMIT,SELL,1,100,2018-08-17T04:47:52.200,2018-08-17T04:48:03.490
choice-moving,Surfer15@bmm,4853,323,6391,6391,643,NULL,1060796,1060796,1060796,1060858,LIMIT,BUY,1,99,2018-08-17T04:47:53.992,2018-08-17T04:48:41.960
choice-moving,Surfer3@bmm,4841,323,6391,6391,643,NULL,1060797,1060797,1060797,1060908,LIMIT,BUY,1,81,2018-08-17T04:47:56.224,2018-08-17T04:49:21.312
choice-moving,Surfer3@bmm,4841,323,6391,6391,643,NULL,1060798,1060798,1060798,1061063,LIMIT,BUY,1,85,2018-08-17T04:47:57.622,2018-08-17T04:52:49.708
choice-moving,Surfer3@bmm,4841,323,6391,6391,643,NULL,1060799,1060799,1060799,1061078,LIMIT,BUY,1,89,2018-08-17T04:47:59.216,2018-08-17T04:53:26.764
choice-moving,Surfer15@bmm,4853,323,6391,6391,645,NULL,1060800,1060800,1060800,NULL,LIMIT,SELL,1,100,2018-08-17T04:47:59.562,2018-08-17T04:47:59.564
choice-moving,Surfer13@bmm,4851,323,6391,6391,645,NULL,1060801,1060801,1060801,1061017,LIMIT,SELL,4,50,2018-08-17T04:47:59.961,2018-08-17T04:51:38.623
choice-moving,Surfer8@bmm,4846,323,6391,6391,642,NULL,1060802,1060802,1060802,1060793,LIMIT,SELL,1,99,2018-08-17T04:48:00.768,2018-08-17T04:48:00.774
choice-moving,Surfer3@bmm,4841,323,6391,6391,643,NULL,1060803,1060803,1060803,1060950,LIMIT,BUY,1,93,2018-08-17T04:48:02.254,2018-08-17T04:50:03.603
choice-moving,Surfer15@bmm,4853,323,6391,6391,645,NULL,1060804,1060804,1060804,1060813,LIMIT,SELL,1,1,2018-08-17T04:48:02.271,2018-08-17T04:48:12.747
choice-moving,Surfer15@bmm,4853,323,6391,6391,645,NULL,1060805,1060805,1060805,1060964,LIMIT,SELL,1,1,2018-08-17T04:48:03.467,2018-08-17T04:50:12.671
choice-moving,Surfer8@bmm,4846,323,6391,6391,642,NULL,1060806,1060795,1060795,1060795,CANCEL,SELL,1,100,2018-08-17T04:48:03.485,2018-08-17T04:48:03.490
choice-moving,Surfer15@bmm,4853,323,6391,6391,645,NULL,1060807,1060807,1060807,1061094,LIMIT,SELL,1,1,2018-08-17T04:48:04.176,2018-08-17T04:53:52.978
choice-moving,Surfer10@bmm,4848,323,6391,6391,642,NULL,1060808,1060808,1060808,1060848,LIMIT,BUY,1,87,2018-08-17T04:48:07.354,2018-08-17T04:48:38.514
choice-moving,Surfer2@bmm,4840,323,6391,6391,642,NULL,1060809,1060809,1060809,NULL,LIMIT,BUY,1,14,2018-08-17T04:48:08.418,2018-08-17T04:48:08.421
choice-moving,Surfer18@bmm,4856,323,6391,6391,642,NULL,1060810,1060810,1060810,1060873,LIMIT,BUY,1,90,2018-08-17T04:48:10.915,2018-08-17T04:48:47.872
choice-moving,Surfer9@bmm,4847,323,6391,6391,645,NULL,1060811,1060811,1060811,NULL,LIMIT,SELL,1,68,2018-08-17T04:48:12.216,2018-08-17T04:48:12.218
choice-moving,Surfer15@bmm,4853,323,6391,6391,645,NULL,1060812,1060812,1060812,0,LIMIT,BUY,1,99,2018-08-17T04:48:12.736,2018-08-17T04:48:12.743
choice-moving,Surfer15@bmm,4853,323,6391,6391,645,NULL,1060813,1060812,1060812,1060804,LIMIT,BUY,1,1,2018-08-17T04:48:12.741,2018-08-17T04:48:12.743
choice-moving,Surfer17@bmm,4855,323,6391,6391,645,NULL,1060814,1060814,1060814,NULL,LIMIT,SELL,1,88,2018-08-17T04:48:13.723,2018-08-17T04:48:13.725
choice-moving,Surfer2@bmm,4840,323,6391,6391,643,NULL,1060815,1060815,1060815,NULL,LIMIT,BUY,1,25,2018-08-17T04:48:15.152,2018-08-17T04:48:15.154
choice-moving,Surfer4@bmm,4842,323,6391,6391,644,NULL,1060816,1060816,1060816,1060893,LIMIT,SELL,1,29,2018-08-17T04:48:16.285,2018-08-17T04:49:04.961
choice-moving,Surfer1@bmm,4839,323,6391,6391,645,NULL,1060817,1060817,1060817,1061025,LIMIT,SELL,1,60,2018-08-17T04:48:16.425,2018-08-17T04:51:45.994
choice-moving,Surfer4@bmm,4842,323,6391,6391,644,NULL,1060818,1060818,1060818,1060932,LIMIT,SELL,1,29,2018-08-17T04:48:16.519,2018-08-17T04:49:41.675
choice-moving,Surfer10@bmm,4848,323,6391,6391,642,NULL,1060819,1060819,1060819,1060854,LIMIT,BUY,1,91,2018-08-17T04:48:16.859,2018-08-17T04:48:40.908
choice-moving,Surfer4@bmm,4842,323,6391,6391,644,NULL,1060820,1060820,1060820,NULL,LIMIT,SELL,1,29,2018-08-17T04:48:16.941,2018-08-17T04:48:16.944
choice-moving,Surfer17@bmm,4855,323,6391,6391,645,NULL,1060821,1060821,1060821,NULL,LIMIT,SELL,1,64,2018-08-17T04:48:17.372,2018-08-17T04:48:17.376
choice-moving,Surfer4@bmm,4842,323,6391,6391,644,NULL,1060822,1060822,1060822,NULL,LIMIT,SELL,1,29,2018-08-17T04:48:17.436,2018-08-17T04:48:17.439
choice-moving,Surfer1@bmm,4839,323,6391,6391,645,NULL,1060823,1060823,1060823,1061023,LIMIT,SELL,1,60,2018-08-17T04:48:17.585,2018-08-17T04:51:45.562
choice-moving,Surfer2@bmm,4840,323,6391,6391,644,NULL,1060825,1060825,1060825,NULL,LIMIT,SELL,1,29,2018-08-17T04:48:19.687,2018-08-17T04:48:19.689
choice-moving,Surfer1@bmm,4839,323,6391,6391,645,NULL,1060826,1060826,1060826,1061101,LIMIT,SELL,1,77,2018-08-17T04:48:21.461,2018-08-17T04:53:59.471
choice-moving,Surfer17@bmm,4855,323,6391,6391,645,NULL,1060827,1060827,1060827,NULL,LIMIT,SELL,1,44,2018-08-17T04:48:22.189,2018-08-17T04:48:22.191
choice-moving,Surfer15@bmm,4853,323,6391,6391,642,NULL,1060828,1060828,1060828,1060856,LIMIT,BUY,1,99,2018-08-17T04:48:22.857,2018-08-17T04:48:40.990
choice-moving,Surfer18@bmm,4856,323,6391,6391,644,NULL,1060829,1060829,1060829,1061097,LIMIT,BUY,1,0,2018-08-17T04:48:23.137,2018-08-17T04:53:55.443
choice-moving,Surfer1@bmm,4839,323,6391,6391,645,NULL,1060830,1060830,1060830,1061098,LIMIT,SELL,1,77,2018-08-17T04:48:24.867,2018-08-17T04:53:58.374
choice-moving,Surfer6@bmm,4844,323,6391,6391,644,NULL,1060831,1060831,1060831,1060838,LIMIT,SELL,1,14,2018-08-17T04:48:26.466,2018-08-17T04:48:34.248
choice-moving,Surfer3@bmm,4841,323,6391,6391,642,NULL,1060832,1060832,1060832,1060866,LIMIT,BUY,1,92,2018-08-17T04:48:28.734,2018-08-17T04:48:44.514
choice-moving,Surfer4@bmm,4842,323,6391,6391,642,NULL,1060833,1060833,1060833,NULL,LIMIT,BUY,1,0,2018-08-17T04:48:30.284,2018-08-17T04:48:30.287
choice-moving,Surfer4@bmm,4842,323,6391,6391,642,NULL,1060834,1060834,1060834,NULL,LIMIT,BUY,1,0,2018-08-17T04:48:30.482,2018-08-17T04:48:30.485
choice-moving,Surfer17@bmm,4855,323,6391,6391,642,NULL,1060835,1060835,1060835,1060845,LIMIT,BUY,1,100,2018-08-17T04:48:32.126,2018-08-17T04:48:36.833
choice-moving,Surfer1@bmm,4839,323,6391,6391,642,NULL,1060836,1060836,1060836,NULL,LIMIT,BUY,1,52,2018-08-17T04:48:32.801,2018-08-17T04:48:32.803
choice-moving,Surfer13@bmm,4851,323,6391,6391,644,NULL,1060837,1060837,1060837,0,LIMIT,BUY,1,15,2018-08-17T04:48:34.238,2018-08-17T04:48:34.248
choice-moving,Surfer13@bmm,4851,323,6391,6391,644,NULL,1060838,1060837,1060837,1060831,LIMIT,BUY,1,14,2018-08-17T04:48:34.245,2018-08-17T04:48:34.248
choice-moving,Surfer5@bmm,4843,323,6391,6391,645,NULL,1060839,1060839,1060839,1060868,LIMIT,SELL,1,0,2018-08-17T04:48:34.277,2018-08-17T04:48:45.490
choice-moving,Surfer2@bmm,4840,323,6391,6391,642,NULL,1060840,1060840,1060840,NULL,LIMIT,BUY,1,25,2018-08-17T04:48:34.576,2018-08-17T04:48:34.578
choice-moving,Surfer4@bmm,4842,323,6391,6391,643,NULL,1060841,1060841,1060841,NULL,LIMIT,BUY,1,0,2018-08-17T04:48:34.714,2018-08-17T04:48:34.716
choice-moving,Surfer4@bmm,4842,323,6391,6391,643,NULL,1060842,1060842,1060842,NULL,LIMIT,BUY,1,0,2018-08-17T04:48:34.898,2018-08-17T04:48:34.903
choice-moving,Surfer1@bmm,4839,323,6391,6391,642,NULL,1060843,1060843,1060843,NULL,LIMIT,BUY,1,52,2018-08-17T04:48:35.489,2018-08-17T04:48:35.492
choice-moving,Surfer2@bmm,4840,323,6391,6391,642,NULL,1060844,1060844,1060844,0,LIMIT,SELL,1,25,2018-08-17T04:48:36.823,2018-08-17T04:48:36.832
choice-moving,Surfer2@bmm,4840,323,6391,6391,642,NULL,1060845,1060844,1060844,1060835,LIMIT,SELL,1,100,2018-08-17T04:48:36.829,2018-08-17T04:48:36.833
choice-moving,Surfer7@bmm,4845,323,6391,6391,645,NULL,1060846,1060792,1060792,1060792,CANCEL,SELL,1,55,2018-08-17T04:48:37.950,2018-08-17T04:48:37.956
choice-moving,Surfer14@bmm,4852,323,6391,6391,644,NULL,1060847,1060847,1060847,NULL,LIMIT,SELL,1,98,2018-08-17T04:48:38.384,2018-08-17T04:48:38.386
choice-moving,Surfer10@bmm,4848,323,6391,6391,642,NULL,1060848,1060808,1060808,1060808,CANCEL,BUY,1,87,2018-08-17T04:48:38.508,2018-08-17T04:48:38.513
choice-moving,Surfer2@bmm,4840,323,6391,6391,642,NULL,1060849,1060849,1060849,NULL,LIMIT,BUY,1,25,2018-08-17T04:48:38.778,2018-08-17T04:48:38.780
choice-moving,Surfer3@bmm,4841,323,6391,6391,645,NULL,1060850,1060850,1060850,NULL,LIMIT,SELL,1,1,2018-08-17T04:48:39.015,2018-08-17T04:48:39.017
choice-moving,Surfer3@bmm,4841,323,6391,6391,645,NULL,1060851,1060851,1060851,NULL,LIMIT,SELL,1,1,2018-08-17T04:48:39.742,2018-08-17T04:48:39.744
choice-moving,Surfer5@bmm,4843,323,6391,6391,645,NULL,1060852,1060852,1060852,1060870,LIMIT,SELL,1,0,2018-08-17T04:48:39.820,2018-08-17T04:48:45.707
choice-moving,Surfer3@bmm,4841,323,6391,6391,645,NULL,1060853,1060853,1060853,NULL,LIMIT,SELL,1,1,2018-08-17T04:48:40.485,2018-08-17T04:48:40.487
choice-moving,Surfer10@bmm,4848,323,6391,6391,642,NULL,1060854,1060819,1060819,1060819,CANCEL,BUY,1,91,2018-08-17T04:48:40.903,2018-08-17T04:48:40.908
choice-moving,Surfer2@bmm,4840,323,6391,6391,642,NULL,1060855,1060855,1060855,0,LIMIT,SELL,1,25,2018-08-17T04:48:40.981,2018-08-17T04:48:40.990
choice-moving,Surfer2@bmm,4840,323,6391,6391,642,NULL,1060856,1060855,1060855,1060828,LIMIT,SELL,1,99,2018-08-17T04:48:40.987,2018-08-17T04:48:40.990
choice-moving,Surfer3@bmm,4841,323,6391,6391,645,NULL,1060857,1060857,1060857,NULL,LIMIT,SELL,1,1,2018-08-17T04:48:41.189,2018-08-17T04:48:41.191
choice-moving,Surfer17@bmm,4855,323,6391,6391,643,NULL,1060858,1060858,1060858,1060796,LIMIT,SELL,1,99,2018-08-17T04:48:41.955,2018-08-17T04:48:41.960
choice-moving,Surfer4@bmm,4842,323,6391,6391,644,NULL,1060859,1060859,1060859,NULL,LIMIT,BUY,1,0,2018-08-17T04:48:42.781,2018-08-17T04:48:42.784
choice-moving,Surfer2@bmm,4840,323,6391,6391,642,NULL,1060860,1060860,1060860,NULL,LIMIT,BUY,1,25,2018-08-17T04:48:42.806,2018-08-17T04:48:42.808
choice-moving,Surfer4@bmm,4842,323,6391,6391,644,NULL,1060861,1060861,1060861,NULL,LIMIT,BUY,1,0,2018-08-17T04:48:42.929,2018-08-17T04:48:42.931
choice-moving,Surfer5@bmm,4843,323,6391,6391,645,NULL,1060862,1060862,1060862,1060876,LIMIT,SELL,1,0,2018-08-17T04:48:42.996,2018-08-17T04:48:52.203
choice-moving,Surfer7@bmm,4845,323,6391,6391,645,NULL,1060863,1060863,1060863,1061030,LIMIT,SELL,1,10,2018-08-17T04:48:43.686,2018-08-17T04:52:04.332
choice-moving,Surfer1@bmm,4839,323,6391,6391,642,NULL,1060864,1060864,1060864,NULL,LIMIT,BUY,1,74,2018-08-17T04:48:44.242,2018-08-17T04:48:44.244
choice-moving,Surfer2@bmm,4840,323,6391,6391,642,NULL,1060865,1060865,1060865,0,LIMIT,SELL,1,25,2018-08-17T04:48:44.506,2018-08-17T04:48:44.514
choice-moving,Surfer2@bmm,4840,323,6391,6391,642,NULL,1060866,1060865,1060865,1060832,LIMIT,SELL,1,92,2018-08-17T04:48:44.511,2018-08-17T04:48:44.514
choice-moving,Surfer17@bmm,4855,323,6391,6391,643,NULL,1060867,1060867,1060867,1060875,LIMIT,SELL,1,99,2018-08-17T04:48:45.092,2018-08-17T04:48:50.591
choice-moving,Surfer4@bmm,4842,323,6391,6391,645,NULL,1060868,1060868,1060868,1060839,LIMIT,BUY,1,0,2018-08-17T04:48:45.484,2018-08-17T04:48:45.490
choice-moving,Surfer6@bmm,4844,323,6391,6391,643,NULL,1060869,1060869,1060869,1061059,LIMIT,BUY,1,90,2018-08-17T04:48:45.510,2018-08-17T04:52:43.517
choice-moving,Surfer4@bmm,4842,323,6391,6391,645,NULL,1060870,1060870,1060870,1060852,LIMIT,BUY,1,0,2018-08-17T04:48:45.647,2018-08-17T04:48:45.707
choice-moving,Surfer2@bmm,4840,323,6391,6391,642,NULL,1060871,1060871,1060871,NULL,LIMIT,BUY,1,25,2018-08-17T04:48:46.389,2018-08-17T04:48:46.391
choice-moving,Surfer2@bmm,4840,323,6391,6391,642,NULL,1060872,1060872,1060872,0,LIMIT,SELL,1,25,2018-08-17T04:48:47.864,2018-08-17T04:48:47.872
choice-moving,Surfer2@bmm,4840,323,6391,6391,642,NULL,1060873,1060872,1060872,1060810,LIMIT,SELL,1,90,2018-08-17T04:48:47.869,2018-08-17T04:48:47.872
choice-moving,Surfer2@bmm,4840,323,6391,6391,642,NULL,1060874,1060874,1060874,NULL,LIMIT,BUY,1,25,2018-08-17T04:48:49.775,2018-08-17T04:48:49.778
choice-moving,Surfer6@bmm,4844,323,6391,6391,643,NULL,1060875,1060875,1060875,1060867,LIMIT,BUY,1,99,2018-08-17T04:48:50.586,2018-08-17T04:48:50.591
choice-moving,Surfer4@bmm,4842,323,6391,6391,645,NULL,1060876,1060876,1060876,1060862,LIMIT,BUY,1,0,2018-08-17T04:48:52.198,2018-08-17T04:48:52.203
choice-moving,Surfer4@bmm,4842,323,6391,6391,645,NULL,1060877,1060877,1060877,1061008,LIMIT,BUY,1,0,2018-08-17T04:48:52.361,2018-08-17T04:51:09.924
choice-moving,Surfer11@bmm,4849,323,6391,6391,643,NULL,1060878,1060878,1060878,1060916,LIMIT,BUY,1,99,2018-08-17T04:48:52.459,2018-08-17T04:49:29.221
choice-moving,Surfer10@bmm,4848,323,6391,6391,643,NULL,1060879,1060879,1060879,1060930,LIMIT,BUY,1,91,2018-08-17T04:48:52.575,2018-08-17T04:49:40.716
choice-moving,Surfer1@bmm,4839,323,6391,6391,642,NULL,1060880,1060880,1060880,1060883,LIMIT,BUY,1,88,2018-08-17T04:48:55.490,2018-08-17T04:48:56.090
choice-moving,Surfer5@bmm,4843,323,6391,6391,642,NULL,1060881,1060881,1060881,1060996,LIMIT,BUY,1,0,2018-08-17T04:48:55.795,2018-08-17T04:50:47.950
choice-moving,Surfer10@bmm,4848,323,6391,6391,642,NULL,1060882,1060882,1060882,0,LIMIT,SELL,1,0,2018-08-17T04:48:56.082,2018-08-17T04:48:56.090
choice-moving,Surfer10@bmm,4848,323,6391,6391,642,NULL,1060883,1060882,1060882,1060880,LIMIT,SELL,1,88,2018-08-17T04:48:56.087,2018-08-17T04:48:56.090
choice-moving,Surfer13@bmm,4851,323,6391,6391,644,NULL,1060884,1060884,1060884,1060886,LIMIT,BUY,1,6,2018-08-17T04:48:56.992,2018-08-17T04:48:58.287
choice-moving,Surfer2@bmm,4840,323,6391,6391,644,NULL,1060885,1060885,1060885,0,LIMIT,SELL,1,0,2018-08-17T04:48:58.277,2018-08-17T04:48:58.287
choice-moving,Surfer2@bmm,4840,323,6391,6391,644,NULL,1060886,1060885,1060885,1060884,LIMIT,SELL,1,6,2018-08-17T04:48:58.283,2018-08-17T04:48:58.288
choice-moving,Surfer17@bmm,4855,323,6391,6391,642,NULL,1060887,1060887,1060887,NULL,LIMIT,BUY,1,90,2018-08-17T04:48:58.764,2018-08-17T04:48:58.766
choice-moving,Surfer18@bmm,4856,323,6391,6391,645,NULL,1060888,1060888,1060888,1061033,LIMIT,BUY,1,0,2018-08-17T04:49:00.615,2018-08-17T04:52:10.579
choice-moving,Surfer2@bmm,4840,323,6391,6391,644,NULL,1060889,1060889,1060889,NULL,LIMIT,SELL,1,55,2018-08-17T04:49:01.104,2018-08-17T04:49:01.106
choice-moving,Surfer9@bmm,4847,323,6391,6391,645,NULL,1060890,1060890,1060890,NULL,LIMIT,SELL,1,60,2018-08-17T04:49:01.948,2018-08-17T04:49:01.951
choice-moving,Surfer4@bmm,4842,323,6391,6391,645,NULL,1060891,1060891,1060891,NULL,LIMIT,SELL,1,3,2018-08-17T04:49:02.181,2018-08-17T04:49:02.183
choice-moving,Surfer2@bmm,4840,323,6391,6391,644,NULL,1060892,1060892,1060892,0,LIMIT,BUY,1,55,2018-08-17T04:49:04.952,2018-08-17T04:49:04.961
choice-moving,Surfer2@bmm,4840,323,6391,6391,644,NULL,1060893,1060892,1060892,1060816,LIMIT,BUY,1,29,2018-08-17T04:49:04.957,2018-08-17T04:49:04.962
choice-moving,Surfer14@bmm,4852,323,6391,6391,644,NULL,1060894,1060894,1060894,NULL,LIMIT,SELL,1,46,2018-08-17T04:49:05.316,2018-08-17T04:49:05.319
choice-moving,Surfer2@bmm,4840,323,6391,6391,644,NULL,1060895,1060895,1060895,NULL,LIMIT,SELL,1,55,2018-08-17T04:49:07.245,2018-08-17T04:49:07.247
choice-moving,Surfer6@bmm,4844,323,6391,6391,642,NULL,1060896,1060896,1060896,NULL,LIMIT,BUY,1,90,2018-08-17T04:49:08.223,2018-08-17T04:49:08.225
choice-moving,Surfer17@bmm,4855,323,6391,6391,643,NULL,1060897,1060897,1060897,NULL,LIMIT,BUY,1,77,2018-08-17T04:49:09.161,2018-08-17T04:49:09.163
choice-moving,Surfer2@bmm,4840,323,6391,6391,644,NULL,1060898,1060898,1060898,NULL,LIMIT,SELL,1,55,2018-08-17T04:49:09.171,2018-08-17T04:49:09.173
choice-moving,Surfer10@bmm,4848,323,6391,6391,642,NULL,1060899,1060899,1060899,1060953,LIMIT,BUY,1,91,2018-08-17T04:49:09.643,2018-08-17T04:50:05.710
choice-moving,Surfer11@bmm,4849,323,6391,6391,645,NULL,1060900,1060783,1060783,1060783,CANCEL,SELL,3,100,2018-08-17T04:49:09.801,2018-08-17T04:49:09.806
choice-moving,Surfer14@bmm,4852,323,6391,6391,644,NULL,1060901,1060901,1060901,NULL,LIMIT,SELL,1,91,2018-08-17T04:49:10.739,2018-08-17T04:49:10.741
choice-moving,Surfer18@bmm,4856,323,6391,6391,643,NULL,1060902,1060791,1060791,1060791,CANCEL,BUY,1,80,2018-08-17T04:49:12.974,2018-08-17T04:49:12.978
choice-moving,Surfer5@bmm,4843,323,6391,6391,643,NULL,1060903,1060903,1060903,NULL,LIMIT,BUY,1,0,2018-08-17T04:49:15.950,2018-08-17T04:49:15.952
choice-moving,Surfer14@bmm,4852,323,6391,6391,644,NULL,1060904,1060904,1060904,NULL,LIMIT,SELL,1,99,2018-08-17T04:49:15.986,2018-08-17T04:49:15.988
choice-moving,Surfer2@bmm,4840,323,6391,6391,642,NULL,1060905,1060905,1060905,NULL,LIMIT,BUY,1,23,2018-08-17T04:49:17.223,2018-08-17T04:49:17.225
choice-moving,Surfer9@bmm,4847,323,6391,6391,642,NULL,1060906,1060906,1060906,1060952,LIMIT,BUY,2,90,2018-08-17T04:49:19.434,2018-08-17T04:50:05.624
choice-moving,Surfer3@bmm,4841,323,6391,6391,642,NULL,1060907,1060780,1060780,1060780,CANCEL,BUY,1,67,2018-08-17T04:49:20.265,2018-08-17T04:49:20.269
choice-moving,Surfer3@bmm,4841,323,6391,6391,643,NULL,1060908,1060797,1060797,1060797,CANCEL,BUY,1,81,2018-08-17T04:49:21.308,2018-08-17T04:49:21.312
choice-moving,Surfer11@bmm,4849,323,6391,6391,645,NULL,1060909,1060779,1060779,1060779,CANCEL,SELL,1,100,2018-08-17T04:49:24.201,2018-08-17T04:49:24.205
choice-moving,Surfer2@bmm,4840,323,6391,6391,642,NULL,1060910,1060910,1060910,NULL,LIMIT,BUY,1,57,2018-08-17T04:49:26.033,2018-08-17T04:49:26.035
choice-moving,Surfer18@bmm,4856,323,6391,6391,642,NULL,1060911,1060911,1060911,1060966,LIMIT,BUY,1,93,2018-08-17T04:49:26.810,2018-08-17T04:50:12.737
choice-moving,Surfer2@bmm,4840,323,6391,6391,642,NULL,1060912,1060912,1060912,NULL,LIMIT,BUY,1,57,2018-08-17T04:49:27.037,2018-08-17T04:49:27.039
choice-moving,Surfer3@bmm,4841,323,6391,6391,642,NULL,1060913,1060913,1060913,NULL,LIMIT,BUY,1,92,2018-08-17T04:49:28.704,2018-08-17T04:49:28.707
choice-moving,Surfer11@bmm,4849,323,6391,6391,645,NULL,1060914,1060914,1060914,NULL,LIMIT,SELL,4,1,2018-08-17T04:49:29.204,2018-08-17T04:49:29.206
choice-moving,Surfer5@bmm,4843,323,6391,6391,643,NULL,1060915,1060915,1060915,0,LIMIT,SELL,1,0,2018-08-17T04:49:29.212,2018-08-17T04:49:29.220
choice-moving,Surfer5@bmm,4843,323,6391,6391,643,NULL,1060916,1060915,1060915,1060878,LIMIT,SELL,1,99,2018-08-17T04:49:29.218,2018-08-17T04:49:29.221
choice-moving,Surfer3@bmm,4841,323,6391,6391,642,NULL,1060917,1060917,1060917,1060970,LIMIT,BUY,1,93,2018-08-17T04:49:31.043,2018-08-17T04:50:13.532
choice-moving,Surfer2@bmm,4840,323,6391,6391,643,NULL,1060918,1060918,1060918,NULL,LIMIT,BUY,1,50,2018-08-17T04:49:32.741,2018-08-17T04:49:32.743
choice-moving,Surfer10@bmm,4848,323,6391,6391,643,NULL,1060919,1060919,1060919,1060935,LIMIT,BUY,1,99,2018-08-17T04:49:33.323,2018-08-17T04:49:42.765
choice-moving,Surfer2@bmm,4840,323,6391,6391,643,NULL,1060920,1060920,1060920,NULL,LIMIT,BUY,1,50,2018-08-17T04:49:34.142,2018-08-17T04:49:34.145
choice-moving,Surfer18@bmm,4856,323,6391,6391,645,NULL,1060921,1060921,1060921,1061041,LIMIT,BUY,1,0,2018-08-17T04:49:34.329,2018-08-17T04:52:21.203
choice-moving,Surfer17@bmm,4855,323,6391,6391,644,NULL,1060922,1060922,1060922,1060945,LIMIT,BUY,1,10,2018-08-17T04:49:37.800,2018-08-17T04:49:57.853
choice-moving,Surfer14@bmm,4852,323,6391,6391,642,NULL,1060923,1060923,1060923,1060960,LIMIT,BUY,1,99,2018-08-17T04:49:37.864,2018-08-17T04:50:10.336
choice-moving,Surfer17@bmm,4855,323,6391,6391,644,NULL,1060924,1060924,1060924,1060988,LIMIT,BUY,1,10,2018-08-17T04:49:38.717,2018-08-17T04:50:36.711
choice-moving,Surfer8@bmm,4846,323,6391,6391,644,NULL,1060925,1060925,1060925,NULL,LIMIT,SELL,1,100,2018-08-17T04:49:38.864,2018-08-17T04:49:38.866
choice-moving,Surfer17@bmm,4855,323,6391,6391,644,NULL,1060926,1060926,1060926,1061010,LIMIT,BUY,1,10,2018-08-17T04:49:39.188,2018-08-17T04:51:16.640
choice-moving,Surfer10@bmm,4848,323,6391,6391,643,NULL,1060927,1060927,1060927,1060939,LIMIT,BUY,1,94,2018-08-17T04:49:39.609,2018-08-17T04:49:50.152
choice-moving,Surfer17@bmm,4855,323,6391,6391,644,NULL,1060928,1060928,1060928,1061012,LIMIT,BUY,1,10,2018-08-17T04:49:39.739,2018-08-17T04:51:22.067
choice-moving,Surfer7@bmm,4845,323,6391,6391,645,NULL,1060929,1060785,1060785,1060785,CANCEL,SELL,1,58,2018-08-17T04:49:40.325,2018-08-17T04:49:40.329
choice-moving,Surfer10@bmm,4848,323,6391,6391,643,NULL,1060930,1060879,1060879,1060879,CANCEL,BUY,1,91,2018-08-17T04:49:40.712,2018-08-17T04:49:40.716
choice-moving,Surfer1@bmm,4839,323,6391,6391,644,NULL,1060931,1060931,1060931,0,LIMIT,BUY,1,30,2018-08-17T04:49:41.668,2018-08-17T04:49:41.675
choice-moving,Surfer1@bmm,4839,323,6391,6391,644,NULL,1060932,1060931,1060931,1060818,LIMIT,BUY,1,29,2018-08-17T04:49:41.672,2018-08-17T04:49:41.675
choice-moving,Surfer10@bmm,4848,323,6391,6391,643,NULL,1060933,1060790,1060790,1060790,CANCEL,BUY,1,68,2018-08-17T04:49:42.394,2018-08-17T04:49:42.399
choice-moving,Surfer9@bmm,4847,323,6391,6391,643,NULL,1060934,1060934,1060934,0,LIMIT,SELL,1,68,2018-08-17T04:49:42.757,2018-08-17T04:49:42.765
choice-moving,Surfer9@bmm,4847,323,6391,6391,643,NULL,1060935,1060934,1060934,1060919,LIMIT,SELL,1,99,2018-08-17T04:49:42.762,2018-08-17T04:49:42.765
choice-moving,Surfer2@bmm,4840,323,6391,6391,643,NULL,1060936,1060936,1060936,NULL,LIMIT,BUY,2,2,2018-08-17T04:49:44.520,2018-08-17T04:49:44.523
choice-moving,Surfer7@bmm,4845,323,6391,6391,645,NULL,1060937,1060937,1060937,1061029,LIMIT,SELL,1,10,2018-08-17T04:49:47.288,2018-08-17T04:52:02.404
choice-moving,Surfer9@bmm,4847,323,6391,6391,643,NULL,1060938,1060938,1060938,0,LIMIT,SELL,1,68,2018-08-17T04:49:50.144,2018-08-17T04:49:50.151
choice-moving,Surfer9@bmm,4847,323,6391,6391,643,NULL,1060939,1060938,1060938,1060927,LIMIT,SELL,1,94,2018-08-17T04:49:50.148,2018-08-17T04:49:50.152
choice-moving,Surfer14@bmm,4852,323,6391,6391,643,NULL,1060940,1060940,1060940,1060942,LIMIT,BUY,1,97,2018-08-17T04:49:50.203,2018-08-17T04:49:53.816
choice-moving,Surfer5@bmm,4843,323,6391,6391,643,NULL,1060941,1060941,1060941,0,LIMIT,SELL,1,0,2018-08-17T04:49:53.807,2018-08-17T04:49:53.815
choice-moving,Surfer5@bmm,4843,323,6391,6391,643,NULL,1060942,1060941,1060941,1060940,LIMIT,SELL,1,97,2018-08-17T04:49:53.813,2018-08-17T04:49:53.816
choice-moving,Surfer17@bmm,4855,323,6391,6391,643,NULL,1060943,1060943,1060943,1060998,LIMIT,SELL,1,100,2018-08-17T04:49:53.950,2018-08-17T04:50:50.264
choice-moving,Surfer10@bmm,4848,323,6391,6391,642,NULL,1060944,1060944,1060944,1060962,LIMIT,BUY,1,99,2018-08-17T04:49:55.621,2018-08-17T04:50:11.321
choice-moving,Surfer13@bmm,4851,323,6391,6391,644,NULL,1060945,1060945,1060945,1060922,LIMIT,SELL,1,10,2018-08-17T04:49:57.848,2018-08-17T04:49:57.852
choice-moving,Surfer19@bmm,4857,323,6391,6391,645,NULL,1060946,1060946,1060946,NULL,LIMIT,SELL,1,2,2018-08-17T04:49:59.280,2018-08-17T04:49:59.283
choice-moving,Surfer19@bmm,4857,323,6391,6391,645,NULL,1060947,1060947,1060947,NULL,LIMIT,SELL,1,2,2018-08-17T04:49:59.860,2018-08-17T04:49:59.863
choice-moving,Surfer19@bmm,4857,323,6391,6391,645,NULL,1060948,1060948,1060948,NULL,LIMIT,SELL,1,2,2018-08-17T04:50:00.580,2018-08-17T04:50:00.583
choice-moving,Surfer5@bmm,4843,323,6391,6391,643,NULL,1060949,1060949,1060949,0,LIMIT,SELL,1,0,2018-08-17T04:50:03.594,2018-08-17T04:50:03.603
choice-moving,Surfer5@bmm,4843,323,6391,6391,643,NULL,1060950,1060949,1060949,1060803,LIMIT,SELL,1,93,2018-08-17T04:50:03.599,2018-08-17T04:50:03.603
choice-moving,Surfer10@bmm,4848,323,6391,6391,643,NULL,1060951,1060951,1060951,1060958,LIMIT,BUY,1,95,2018-08-17T04:50:03.886,2018-08-17T04:50:09.269
choice-moving,Surfer9@bmm,4847,323,6391,6391,642,NULL,1060952,1060906,1060906,1060906,CANCEL,BUY,2,90,2018-08-17T04:50:05.619,2018-08-17T04:50:05.623
choice-moving,Surfer10@bmm,4848,323,6391,6391,642,NULL,1060953,1060899,1060899,1060899,CANCEL,BUY,1,91,2018-08-17T04:50:05.705,2018-08-17T04:50:05.710
choice-moving,Surfer4@bmm,4842,323,6391,6391,645,NULL,1060954,1060954,1060954,NULL,LIMIT,SELL,1,4,2018-08-17T04:50:07.384,2018-08-17T04:50:07.387
choice-moving,Surfer4@bmm,4842,323,6391,6391,645,NULL,1060955,1060955,1060955,NULL,LIMIT,SELL,1,4,2018-08-17T04:50:07.546,2018-08-17T04:50:07.548
choice-moving,Surfer13@bmm,4851,323,6391,6391,644,NULL,1060956,1060956,1060956,1060967,LIMIT,SELL,1,25,2018-08-17T04:50:09.195,2018-08-17T04:50:12.766
choice-moving,Surfer5@bmm,4843,323,6391,6391,643,NULL,1060957,1060957,1060957,0,LIMIT,SELL,1,0,2018-08-17T04:50:09.261,2018-08-17T04:50:09.268
choice-moving,Surfer5@bmm,4843,323,6391,6391,643,NULL,1060958,1060957,1060957,1060951,LIMIT,SELL,1,95,2018-08-17T04:50:09.265,2018-08-17T04:50:09.269
choice-moving,Surfer16@bmm,4854,323,6391,6391,642,NULL,1060959,1060959,1060959,0,LIMIT,SELL,1,30,2018-08-17T04:50:10.328,2018-08-17T04:50:10.336
choice-moving,Surfer16@bmm,4854,323,6391,6391,642,NULL,1060960,1060959,1060959,1060923,LIMIT,SELL,1,99,2018-08-17T04:50:10.333,2018-08-17T04:50:10.336
choice-moving,Surfer16@bmm,4854,323,6391,6391,642,NULL,1060961,1060961,1060961,0,LIMIT,SELL,1,30,2018-08-17T04:50:11.313,2018-08-17T04:50:11.320
choice-moving,Surfer16@bmm,4854,323,6391,6391,642,NULL,1060962,1060961,1060961,1060944,LIMIT,SELL,1,99,2018-08-17T04:50:11.317,2018-08-17T04:50:11.321
choice-moving,Surfer14@bmm,4852,323,6391,6391,645,NULL,1060963,1060963,1060963,0,LIMIT,BUY,1,2,2018-08-17T04:50:12.661,2018-08-17T04:50:12.671
choice-moving,Surfer14@bmm,4852,323,6391,6391,645,NULL,1060964,1060963,1060963,1060805,LIMIT,BUY,1,1,2018-08-17T04:50:12.667,2018-08-17T04:50:12.671
choice-moving,Surfer16@bmm,4854,323,6391,6391,642,NULL,1060965,1060965,1060965,0,LIMIT,SELL,1,30,2018-08-17T04:50:12.729,2018-08-17T04:50:12.736
choice-moving,Surfer16@bmm,4854,323,6391,6391,642,NULL,1060966,1060965,1060965,1060911,LIMIT,SELL,1,93,2018-08-17T04:50:12.734,2018-08-17T04:50:12.737
choice-moving,Surfer13@bmm,4851,323,6391,6391,644,NULL,1060967,1060956,1060956,1060956,CANCEL,SELL,1,25,2018-08-17T04:50:12.762,2018-08-17T04:50:12.766
choice-moving,Surfer10@bmm,4848,323,6391,6391,642,NULL,1060968,1060968,1060968,1061056,LIMIT,BUY,1,93,2018-08-17T04:50:13.105,2018-08-17T04:52:34.010
choice-moving,Surfer16@bmm,4854,323,6391,6391,642,NULL,1060969,1060969,1060969,0,LIMIT,SELL,1,30,2018-08-17T04:50:13.523,2018-08-17T04:50:13.531
choice-moving,Surfer16@bmm,4854,323,6391,6391,642,NULL,1060970,1060969,1060969,1060917,LIMIT,SELL,1,93,2018-08-17T04:50:13.528,2018-08-17T04:50:13.532
choice-moving,Surfer3@bmm,4841,323,6391,6391,642,NULL,1060971,1060782,1060782,1060782,CANCEL,BUY,1,76,2018-08-17T04:50:19.517,2018-08-17T04:50:19.522
choice-moving,Surfer9@bmm,4847,323,6391,6391,645,NULL,1060972,1060972,1060972,NULL,LIMIT,SELL,1,70,2018-08-17T04:50:20.517,2018-08-17T04:50:20.520
choice-moving,Surfer10@bmm,4848,323,6391,6391,643,NULL,1060973,1060973,1060973,1061137,LIMIT,BUY,1,92,2018-08-17T04:50:23.155,2018-08-17T04:54:56.934
choice-moving,Surfer8@bmm,4846,323,6391,6391,642,NULL,1060974,1060974,1060974,NULL,LIMIT,BUY,1,95,2018-08-17T04:50:24.164,2018-08-17T04:50:24.166
choice-moving,Surfer18@bmm,4856,323,6391,6391,645,NULL,1060975,1060975,1060975,1061042,LIMIT,BUY,1,0,2018-08-17T04:50:24.800,2018-08-17T04:52:21.203
choice-moving,Surfer5@bmm,4843,323,6391,6391,642,NULL,1060976,1060976,1060976,1060995,LIMIT,BUY,1,0,2018-08-17T04:50:25.225,2018-08-17T04:50:46.904
choice-moving,Surfer16@bmm,4854,323,6391,6391,644,NULL,1060977,1060977,1060977,NULL,LIMIT,SELL,1,60,2018-08-17T04:50:27.061,2018-08-17T04:50:27.063
choice-moving,Surfer4@bmm,4842,323,6391,6391,642,NULL,1060978,1060978,1060978,NULL,LIMIT,BUY,1,95,2018-08-17T04:50:27.266,2018-08-17T04:50:27.268
choice-moving,Surfer16@bmm,4854,323,6391,6391,644,NULL,1060979,1060979,1060979,NULL,LIMIT,SELL,1,60,2018-08-17T04:50:27.534,2018-08-17T04:50:27.537
choice-moving,Surfer16@bmm,4854,323,6391,6391,644,NULL,1060980,1060980,1060980,NULL,LIMIT,SELL,1,60,2018-08-17T04:50:28.171,2018-08-17T04:50:28.174
choice-moving,Surfer2@bmm,4840,323,6391,6391,642,NULL,1060981,1060981,1060981,NULL,LIMIT,BUY,1,16,2018-08-17T04:50:28.456,2018-08-17T04:50:28.459
choice-moving,Surfer5@bmm,4843,323,6391,6391,643,NULL,1060982,1060982,1060982,NULL,LIMIT,BUY,1,0,2018-08-17T04:50:29.174,2018-08-17T04:50:29.177
choice-moving,Surfer16@bmm,4854,323,6391,6391,644,NULL,1060983,1060983,1060983,NULL,LIMIT,SELL,1,60,2018-08-17T04:50:29.699,2018-08-17T04:50:29.702
choice-moving,Surfer14@bmm,4852,323,6391,6391,642,NULL,1060984,1060984,1060984,1060987,LIMIT,BUY,1,88,2018-08-17T04:50:31.964,2018-08-17T04:50:34.488
choice-moving,Surfer9@bmm,4847,323,6391,6391,642,NULL,1060985,1060985,1060985,NULL,LIMIT,BUY,1,74,2018-08-17T04:50:32.413,2018-08-17T04:50:32.415
choice-moving,Surfer10@bmm,4848,323,6391,6391,642,NULL,1060986,1060986,1060986,1061055,LIMIT,BUY,1,95,2018-08-17T04:50:32.580,2018-08-17T04:52:33.050
choice-moving,Surfer14@bmm,4852,323,6391,6391,642,NULL,1060987,1060984,1060984,1060984,CANCEL,BUY,1,88,2018-08-17T04:50:34.483,2018-08-17T04:50:34.488
choice-moving,Surfer6@bmm,4844,323,6391,6391,644,NULL,1060988,1060988,1060988,1060924,LIMIT,SELL,1,10,2018-08-17T04:50:36.705,2018-08-17T04:50:36.710
choice-moving,Surfer3@bmm,4841,323,6391,6391,642,NULL,1060989,1060778,1060778,1060778,CANCEL,BUY,1,82,2018-08-17T04:50:36.779,2018-08-17T04:50:36.783
choice-moving,Surfer4@bmm,4842,323,6391,6391,642,NULL,1060990,1060990,1060990,1060993,LIMIT,SELL,1,100,2018-08-17T04:50:38.515,2018-08-17T04:50:43.219
choice-moving,Surfer3@bmm,4841,323,6391,6391,642,NULL,1060991,1060991,1060991,NULL,LIMIT,BUY,1,94,2018-08-17T04:50:38.552,2018-08-17T04:50:38.554
choice-moving,Surfer2@bmm,4840,323,6391,6391,643,NULL,1060992,1060992,1060992,NULL,LIMIT,BUY,20,0,2018-08-17T04:50:42.232,2018-08-17T04:50:42.234
choice-moving,Surfer8@bmm,4846,323,6391,6391,642,NULL,1060993,1060993,1060993,1060990,LIMIT,BUY,1,100,2018-08-17T04:50:43.214,2018-08-17T04:50:43.219
choice-moving,Surfer15@bmm,4853,323,6391,6391,642,NULL,1060994,1060994,1060994,1061129,LIMIT,BUY,1,99,2018-08-17T04:50:45.396,2018-08-17T04:54:49.643
choice-moving,Surfer5@bmm,4843,323,6391,6391,642,NULL,1060995,1060976,1060976,1060976,CANCEL,BUY,1,0,2018-08-17T04:50:46.900,2018-08-17T04:50:46.904
choice-moving,Surfer5@bmm,4843,323,6391,6391,642,NULL,1060996,1060881,1060881,1060881,CANCEL,BUY,1,0,2018-08-17T04:50:47.946,2018-08-17T04:50:47.950
choice-moving,Surfer9@bmm,4847,323,6391,6391,644,NULL,1060997,1060997,1060997,1061006,LIMIT,BUY,3,0,2018-08-17T04:50:49.551,2018-08-17T04:51:06.232
choice-moving,Surfer8@bmm,4846,323,6391,6391,643,NULL,1060998,1060998,1060998,1060943,LIMIT,BUY,1,100,2018-08-17T04:50:50.258,2018-08-17T04:50:50.263
choice-moving,Surfer3@bmm,4841,323,6391,6391,642,NULL,1061000,1060781,1060781,1060781,CANCEL,BUY,1,86,2018-08-17T04:50:50.966,2018-08-17T04:50:50.971
choice-moving,Surfer14@bmm,4852,323,6391,6391,642,NULL,1061001,1061001,1061001,1061003,LIMIT,BUY,1,88,2018-08-17T04:50:52.800,2018-08-17T04:50:55.969
choice-moving,Surfer6@bmm,4844,323,6391,6391,643,NULL,1061002,1061002,1061002,NULL,LIMIT,BUY,1,95,2018-08-17T04:50:53.776,2018-08-17T04:50:53.778
choice-moving,Surfer14@bmm,4852,323,6391,6391,642,NULL,1061003,1061001,1061001,1061001,CANCEL,BUY,1,88,2018-08-17T04:50:55.964,2018-08-17T04:50:55.969
choice-moving,Surfer14@bmm,4852,323,6391,6391,642,NULL,1061004,1061004,1061004,NULL,LIMIT,BUY,1,99,2018-08-17T04:51:01.365,2018-08-17T04:51:01.368
choice-moving,Surfer3@bmm,4841,323,6391,6391,643,NULL,1061005,1061005,1061005,NULL,LIMIT,BUY,1,96,2018-08-17T04:51:01.598,2018-08-17T04:51:01.600
choice-moving,Surfer9@bmm,4847,323,6391,6391,644,NULL,1061006,1060997,1060997,1060997,CANCEL,BUY,3,0,2018-08-17T04:51:06.225,2018-08-17T04:51:06.231
choice-moving,Surfer9@bmm,4847,323,6391,6391,644,NULL,1061007,1061007,1061007,NULL,LIMIT,BUY,3,0,2018-08-17T04:51:08.774,2018-08-17T04:51:08.777
choice-moving,Surfer5@bmm,4843,323,6391,6391,645,NULL,1061008,1061008,1061008,1060877,LIMIT,SELL,1,0,2018-08-17T04:51:09.918,2018-08-17T04:51:09.924
choice-moving,Surfer14@bmm,4852,323,6391,6391,643,NULL,1061009,1061009,1061009,NULL,LIMIT,BUY,1,98,2018-08-17T04:51:12.154,2018-08-17T04:51:12.157
choice-moving,Surfer13@bmm,4851,323,6391,6391,644,NULL,1061010,1061010,1061010,1060926,LIMIT,SELL,1,10,2018-08-17T04:51:16.635,2018-08-17T04:51:16.640
choice-moving,Surfer8@bmm,4846,323,6391,6391,642,NULL,1061011,1061011,1061011,1061080,LIMIT,BUY,1,100,2018-08-17T04:51:19.833,2018-08-17T04:53:35.752
choice-moving,Surfer18@bmm,4856,323,6391,6391,644,NULL,1061012,1061012,1061012,1060928,LIMIT,SELL,1,10,2018-08-17T04:51:22.060,2018-08-17T04:51:22.067
choice-moving,Surfer8@bmm,4846,323,6391,6391,643,NULL,1061014,1061014,1061014,1061046,LIMIT,BUY,1,100,2018-08-17T04:51:24.016,2018-08-17T04:52:27.386
choice-moving,Surfer2@bmm,4840,323,6391,6391,644,NULL,1061015,1061015,1061015,1061022,LIMIT,BUY,1,11,2018-08-17T04:51:28.922,2018-08-17T04:51:44.368
choice-moving,Surfer2@bmm,4840,323,6391,6391,642,NULL,1061016,1061016,1061016,NULL,LIMIT,BUY,1,10,2018-08-17T04:51:35.389,2018-08-17T04:51:35.391
choice-moving,Surfer13@bmm,4851,323,6391,6391,645,NULL,1061017,1060801,1060801,1060801,CANCEL,SELL,4,50,2018-08-17T04:51:38.618,2018-08-17T04:51:38.622
choice-moving,Surfer17@bmm,4855,323,6391,6391,644,NULL,1061018,1061018,1061018,NULL,LIMIT,SELL,1,15,2018-08-17T04:51:38.916,2018-08-17T04:51:38.919
choice-moving,Surfer2@bmm,4840,323,6391,6391,643,NULL,1061019,1061019,1061019,NULL,LIMIT,BUY,1,6,2018-08-17T04:51:39.552,2018-08-17T04:51:39.554
choice-moving,Surfer17@bmm,4855,323,6391,6391,644,NULL,1061020,1061020,1061020,NULL,LIMIT,SELL,1,36,2018-08-17T04:51:41.772,2018-08-17T04:51:41.774
choice-moving,Surfer17@bmm,4855,323,6391,6391,644,NULL,1061021,1061021,1061021,0,LIMIT,SELL,1,9,2018-08-17T04:51:44.348,2018-08-17T04:51:44.368
choice-moving,Surfer17@bmm,4855,323,6391,6391,644,NULL,1061022,1061021,1061021,1061015,LIMIT,SELL,1,11,2018-08-17T04:51:44.364,2018-08-17T04:51:44.369
choice-moving,Surfer1@bmm,4839,323,6391,6391,645,NULL,1061023,1060823,1060823,1060823,CANCEL,SELL,1,60,2018-08-17T04:51:45.557,2018-08-17T04:51:45.562
choice-moving,Surfer1@bmm,4839,323,6391,6391,645,NULL,1061024,1060823,1060823,1061024,CANCEL,SELL,1,60,2018-08-17T04:51:45.867,2018-08-17T04:51:45.872
choice-moving,Surfer1@bmm,4839,323,6391,6391,645,NULL,1061025,1060817,1060817,1060817,CANCEL,SELL,1,60,2018-08-17T04:51:45.989,2018-08-17T04:51:45.994
choice-moving,Surfer1@bmm,4839,323,6391,6391,645,NULL,1061026,1061026,1061026,1061090,LIMIT,SELL,1,32,2018-08-17T04:51:47.604,2018-08-17T04:53:49.468
choice-moving,Surfer1@bmm,4839,323,6391,6391,645,NULL,1061027,1061027,1061027,1061087,LIMIT,SELL,1,32,2018-08-17T04:51:49.069,2018-08-17T04:53:48.763
choice-moving,Surfer13@bmm,4851,323,6391,6391,645,NULL,1061028,1061028,1061028,1061031,LIMIT,SELL,4,1,2018-08-17T04:51:51.085,2018-08-17T04:52:07.008
choice-moving,Surfer7@bmm,4845,323,6391,6391,645,NULL,1061029,1060937,1060937,1060937,CANCEL,SELL,1,10,2018-08-17T04:52:02.399,2018-08-17T04:52:02.404
choice-moving,Surfer7@bmm,4845,323,6391,6391,645,NULL,1061030,1060863,1060863,1060863,CANCEL,SELL,1,10,2018-08-17T04:52:04.327,2018-08-17T04:52:04.331
choice-moving,Surfer13@bmm,4851,323,6391,6391,645,NULL,1061031,1061028,1061028,1061028,CANCEL,SELL,4,1,2018-08-17T04:52:07.003,2018-08-17T04:52:07.007
choice-moving,Surfer7@bmm,4845,323,6391,6391,645,NULL,1061032,1061032,1061032,1061103,LIMIT,SELL,1,6,2018-08-17T04:52:10.130,2018-08-17T04:54:00.068
choice-moving,Surfer15@bmm,4853,323,6391,6391,645,NULL,1061033,1061033,1061033,1060888,LIMIT,SELL,1,0,2018-08-17T04:52:10.572,2018-08-17T04:52:10.579
choice-moving,Surfer4@bmm,4842,323,6391,6391,645,NULL,1061034,1061034,1061034,NULL,LIMIT,SELL,1,8,2018-08-17T04:52:11.503,2018-08-17T04:52:11.505
choice-moving,Surfer2@bmm,4840,323,6391,6391,643,NULL,1061035,1061035,1061035,NULL,LIMIT,BUY,1,14,2018-08-17T04:52:13.263,2018-08-17T04:52:13.264
choice-moving,Surfer2@bmm,4840,323,6391,6391,643,NULL,1061036,1061036,1061036,NULL,LIMIT,BUY,1,14,2018-08-17T04:52:15.279,2018-08-17T04:52:15.281
choice-moving,Surfer9@bmm,4847,323,6391,6391,642,NULL,1061037,1061037,1061037,NULL,LIMIT,BUY,1,23,2018-08-17T04:52:16.651,2018-08-17T04:52:16.653
choice-moving,Surfer5@bmm,4843,323,6391,6391,642,NULL,1061038,1061038,1061038,NULL,LIMIT,BUY,1,0,2018-08-17T04:52:16.882,2018-08-17T04:52:16.884
choice-moving,Surfer18@bmm,4856,323,6391,6391,645,NULL,1061039,1061039,1061039,1061043,LIMIT,BUY,1,0,2018-08-17T04:52:19.173,2018-08-17T04:52:21.203
choice-moving,Surfer13@bmm,4851,323,6391,6391,645,NULL,1061040,1061040,1061040,0,LIMIT,SELL,3,0,2018-08-17T04:52:21.188,2018-08-17T04:52:21.203
choice-moving,Surfer13@bmm,4851,323,6391,6391,645,NULL,1061041,1061040,1061040,1060921,LIMIT,SELL,1,0,2018-08-17T04:52:21.193,2018-08-17T04:52:21.203
choice-moving,Surfer13@bmm,4851,323,6391,6391,645,NULL,1061042,1061040,1061040,1060975,LIMIT,SELL,1,0,2018-08-17T04:52:21.196,2018-08-17T04:52:21.203
choice-moving,Surfer13@bmm,4851,323,6391,6391,645,NULL,1061043,1061040,1061040,1061039,LIMIT,SELL,1,0,2018-08-17T04:52:21.199,2018-08-17T04:52:21.204
choice-moving,Surfer5@bmm,4843,323,6391,6391,643,NULL,1061044,1061044,1061044,NULL,LIMIT,BUY,1,0,2018-08-17T04:52:24.043,2018-08-17T04:52:24.046
choice-moving,Surfer18@bmm,4856,323,6391,6391,645,NULL,1061045,1061045,1061045,NULL,LIMIT,BUY,1,0,2018-08-17T04:52:27.185,2018-08-17T04:52:27.187
choice-moving,Surfer9@bmm,4847,323,6391,6391,643,NULL,1061046,1061046,1061046,1061014,LIMIT,SELL,1,100,2018-08-17T04:52:27.380,2018-08-17T04:52:27.386
choice-moving,Surfer10@bmm,4848,323,6391,6391,644,NULL,1061047,1061047,1061047,1061084,LIMIT,SELL,4,14,2018-08-17T04:52:27.858,2018-08-17T04:53:44.055
choice-moving,Surfer18@bmm,4856,323,6391,6391,645,NULL,1061048,1061048,1061048,NULL,LIMIT,BUY,1,0,2018-08-17T04:52:28,2018-08-17T04:52:28.002
choice-moving,Surfer2@bmm,4840,323,6391,6391,644,NULL,1061049,1061049,1061049,NULL,LIMIT,SELL,1,19,2018-08-17T04:52:28.962,2018-08-17T04:52:28.964
choice-moving,Surfer4@bmm,4842,323,6391,6391,642,NULL,1061050,1060789,1060789,1060789,CANCEL,BUY,1,71,2018-08-17T04:52:29.410,2018-08-17T04:52:29.415
choice-moving,Surfer4@bmm,4842,323,6391,6391,642,NULL,1061051,1060788,1060788,1060788,CANCEL,BUY,1,71,2018-08-17T04:52:30.023,2018-08-17T04:52:30.027
choice-moving,Surfer13@bmm,4851,323,6391,6391,645,NULL,1061052,1061052,1061052,NULL,LIMIT,SELL,1,1,2018-08-17T04:52:30.349,2018-08-17T04:52:30.351
choice-moving,Surfer6@bmm,4844,323,6391,6391,644,NULL,1061053,1061053,1061053,1061111,LIMIT,SELL,1,10,2018-08-17T04:52:31.538,2018-08-17T04:54:09.155
choice-moving,Surfer4@bmm,4842,323,6391,6391,642,NULL,1061054,1060787,1060787,1060787,CANCEL,BUY,1,71,2018-08-17T04:52:31.685,2018-08-17T04:52:31.690
choice-moving,Surfer10@bmm,4848,323,6391,6391,642,NULL,1061055,1060986,1060986,1060986,CANCEL,BUY,1,95,2018-08-17T04:52:33.045,2018-08-17T04:52:33.050
choice-moving,Surfer10@bmm,4848,323,6391,6391,642,NULL,1061056,1060968,1060968,1060968,CANCEL,BUY,1,93,2018-08-17T04:52:34.006,2018-08-17T04:52:34.010
choice-moving,Surfer15@bmm,4853,323,6391,6391,643,NULL,1061057,1061057,1061057,1061131,LIMIT,BUY,1,99,2018-08-17T04:52:40.433,2018-08-17T04:54:50.193
choice-moving,Surfer8@bmm,4846,323,6391,6391,642,NULL,1061058,1061058,1061058,1061082,LIMIT,BUY,1,100,2018-08-17T04:52:41.770,2018-08-17T04:53:39.598
choice-moving,Surfer6@bmm,4844,323,6391,6391,643,NULL,1061059,1060869,1060869,1060869,CANCEL,BUY,1,90,2018-08-17T04:52:43.513,2018-08-17T04:52:43.517
choice-moving,Surfer9@bmm,4847,323,6391,6391,644,NULL,1061060,1061060,1061060,NULL,LIMIT,BUY,6,0,2018-08-17T04:52:44.224,2018-08-17T04:52:44.226
choice-moving,Surfer8@bmm,4846,323,6391,6391,643,NULL,1061061,1061061,1061061,1061076,LIMIT,BUY,1,100,2018-08-17T04:52:45.897,2018-08-17T04:53:24.202
choice-moving,Surfer3@bmm,4841,323,6391,6391,643,NULL,1061063,1060798,1060798,1060798,CANCEL,BUY,1,85,2018-08-17T04:52:49.703,2018-08-17T04:52:49.707
choice-moving,Surfer9@bmm,4847,323,6391,6391,642,NULL,1061064,1061064,1061064,NULL,LIMIT,BUY,1,14,2018-08-17T04:52:57.624,2018-08-17T04:52:57.626
choice-moving,Surfer6@bmm,4844,323,6391,6391,643,NULL,1061065,1061065,1061065,NULL,LIMIT,BUY,1,99,2018-08-17T04:53:00.291,2018-08-17T04:53:00.293
choice-moving,Surfer10@bmm,4848,323,6391,6391,642,NULL,1061066,1061066,1061066,NULL,LIMIT,BUY,1,99,2018-08-17T04:53:03.877,2018-08-17T04:53:03.879
choice-moving,Surfer14@bmm,4852,323,6391,6391,645,NULL,1061067,1061067,1061067,NULL,LIMIT,SELL,1,6,2018-08-17T04:53:05.804,2018-08-17T04:53:05.806
choice-moving,Surfer8@bmm,4846,323,6391,6391,644,NULL,1061068,1061068,1061068,NULL,LIMIT,SELL,1,70,2018-08-17T04:53:07.282,2018-08-17T04:53:07.284
choice-moving,Surfer9@bmm,4847,323,6391,6391,642,NULL,1061069,1061069,1061069,NULL,LIMIT,BUY,1,16,2018-08-17T04:53:07.570,2018-08-17T04:53:07.572
choice-moving,Surfer18@bmm,4856,323,6391,6391,644,NULL,1061070,1061070,1061070,1061117,LIMIT,SELL,1,8,2018-08-17T04:53:14.582,2018-08-17T04:54:20.858
choice-moving,Surfer10@bmm,4848,323,6391,6391,645,NULL,1061071,1061071,1061071,1061145,LIMIT,BUY,5,0,2018-08-17T04:53:14.594,2018-08-17T04:55:08.350
choice-moving,Surfer17@bmm,4855,323,6391,6391,644,NULL,1061072,1061072,1061072,1061077,LIMIT,BUY,1,2,2018-08-17T04:53:16.283,2018-08-17T04:53:26.580
choice-moving,Surfer18@bmm,4856,323,6391,6391,644,NULL,1061073,1061073,1061073,1061130,LIMIT,SELL,1,6,2018-08-17T04:53:16.930,2018-08-17T04:54:50.067
choice-moving,Surfer18@bmm,4856,323,6391,6391,644,NULL,1061074,1061074,1061074,1061079,LIMIT,SELL,1,4,2018-08-17T04:53:19.164,2018-08-17T04:53:31.749
choice-moving,Surfer9@bmm,4847,323,6391,6391,643,NULL,1061075,1061075,1061075,0,LIMIT,SELL,1,99,2018-08-17T04:53:24.193,2018-08-17T04:53:24.202
choice-moving,Surfer9@bmm,4847,323,6391,6391,643,NULL,1061076,1061075,1061075,1061061,LIMIT,SELL,1,100,2018-08-17T04:53:24.199,2018-08-17T04:53:24.202
choice-moving,Surfer12@bmm,4850,323,6391,6391,644,NULL,1061077,1061077,1061077,1061072,LIMIT,SELL,1,2,2018-08-17T04:53:26.574,2018-08-17T04:53:26.580
choice-moving,Surfer3@bmm,4841,323,6391,6391,643,NULL,1061078,1060799,1060799,1060799,CANCEL,BUY,1,89,2018-08-17T04:53:26.759,2018-08-17T04:53:26.763
choice-moving,Surfer13@bmm,4851,323,6391,6391,644,NULL,1061079,1061079,1061079,1061074,LIMIT,BUY,1,4,2018-08-17T04:53:31.744,2018-08-17T04:53:31.749
choice-moving,Surfer8@bmm,4846,323,6391,6391,642,NULL,1061080,1061080,1061080,1061011,LIMIT,SELL,1,100,2018-08-17T04:53:35.747,2018-08-17T04:53:35.752
choice-moving,Surfer2@bmm,4840,323,6391,6391,642,NULL,1061081,1061081,1061081,NULL,LIMIT,BUY,1,11,2018-08-17T04:53:38.198,2018-08-17T04:53:38.201
choice-moving,Surfer8@bmm,4846,323,6391,6391,642,NULL,1061082,1061082,1061082,1061058,LIMIT,SELL,1,100,2018-08-17T04:53:39.593,2018-08-17T04:53:39.598
choice-moving,Surfer9@bmm,4847,323,6391,6391,645,NULL,1061083,1061083,1061083,NULL,LIMIT,BUY,7,0,2018-08-17T04:53:43.956,2018-08-17T04:53:43.958
choice-moving,Surfer10@bmm,4848,323,6391,6391,644,NULL,1061084,1061047,1061047,1061047,CANCEL,SELL,4,14,2018-08-17T04:53:44.051,2018-08-17T04:53:44.055
choice-moving,Surfer2@bmm,4840,323,6391,6391,643,NULL,1061085,1061085,1061085,NULL,LIMIT,BUY,1,31,2018-08-17T04:53:45.144,2018-08-17T04:53:45.146
choice-moving,Surfer10@bmm,4848,323,6391,6391,644,NULL,1061086,1061086,1061086,1061140,LIMIT,SELL,1,10,2018-08-17T04:53:47.091,2018-08-17T04:55:02.741
choice-moving,Surfer1@bmm,4839,323,6391,6391,645,NULL,1061087,1061027,1061027,1061027,CANCEL,SELL,1,32,2018-08-17T04:53:48.744,2018-08-17T04:53:48.762
choice-moving,Surfer1@bmm,4839,323,6391,6391,645,NULL,1061088,1061027,1061027,1061088,CANCEL,SELL,1,32,2018-08-17T04:53:49.012,2018-08-17T04:53:49.016
choice-moving,Surfer1@bmm,4839,323,6391,6391,645,NULL,1061089,1061027,1061027,1061089,CANCEL,SELL,1,32,2018-08-17T04:53:49.264,2018-08-17T04:53:49.270
choice-moving,Surfer1@bmm,4839,323,6391,6391,645,NULL,1061090,1061026,1061026,1061026,CANCEL,SELL,1,32,2018-08-17T04:53:49.461,2018-08-17T04:53:49.468
choice-moving,Surfer1@bmm,4839,323,6391,6391,645,NULL,1061091,1061026,1061026,1061091,CANCEL,SELL,1,32,2018-08-17T04:53:49.493,2018-08-17T04:53:49.498
choice-moving,Surfer1@bmm,4839,323,6391,6391,645,NULL,1061092,1061026,1061026,1061092,CANCEL,SELL,1,32,2018-08-17T04:53:49.669,2018-08-17T04:53:49.673
choice-moving,Surfer1@bmm,4839,323,6391,6391,645,NULL,1061093,1061093,1061093,NULL,LIMIT,SELL,1,9,2018-08-17T04:53:52.586,2018-08-17T04:53:52.588
choice-moving,Surfer8@bmm,4846,323,6391,6391,645,NULL,1061094,1061094,1061094,1060807,LIMIT,BUY,1,1,2018-08-17T04:53:52.971,2018-08-17T04:53:52.978
choice-moving,Surfer2@bmm,4840,323,6391,6391,642,NULL,1061095,1061095,1061095,1061119,LIMIT,BUY,1,100,2018-08-17T04:53:54.591,2018-08-17T04:54:30.142
choice-moving,Surfer1@bmm,4839,323,6391,6391,645,NULL,1061096,1061096,1061096,NULL,LIMIT,SELL,1,9,2018-08-17T04:53:55.305,2018-08-17T04:53:55.310
choice-moving,Surfer6@bmm,4844,323,6391,6391,644,NULL,1061097,1061097,1061097,1060829,LIMIT,SELL,1,0,2018-08-17T04:53:55.436,2018-08-17T04:53:55.443
choice-moving,Surfer1@bmm,4839,323,6391,6391,645,NULL,1061098,1060830,1060830,1060830,CANCEL,SELL,1,77,2018-08-17T04:53:58.369,2018-08-17T04:53:58.373
choice-moving,Surfer1@bmm,4839,323,6391,6391,645,NULL,1061099,1060830,1060830,1061099,CANCEL,SELL,1,77,2018-08-17T04:53:58.541,2018-08-17T04:53:58.545
choice-moving,Surfer16@bmm,4854,323,6391,6391,642,NULL,1061100,1061100,1061100,NULL,LIMIT,BUY,2,14,2018-08-17T04:53:59.409,2018-08-17T04:53:59.411
choice-moving,Surfer1@bmm,4839,323,6391,6391,645,NULL,1061101,1060826,1060826,1060826,CANCEL,SELL,1,77,2018-08-17T04:53:59.467,2018-08-17T04:53:59.471
choice-moving,Surfer2@bmm,4840,323,6391,6391,643,NULL,1061102,1061102,1061102,1061122,LIMIT,BUY,1,100,2018-08-17T04:53:59.950,2018-08-17T04:54:35.161
choice-moving,Surfer7@bmm,4845,323,6391,6391,645,NULL,1061103,1061032,1061032,1061032,CANCEL,SELL,1,6,2018-08-17T04:54:00.063,2018-08-17T04:54:00.068
choice-moving,Surfer2@bmm,4840,323,6391,6391,643,NULL,1061104,1061104,1061104,1061132,LIMIT,BUY,1,100,2018-08-17T04:54:01.785,2018-08-17T04:54:51.254
choice-moving,Surfer16@bmm,4854,323,6391,6391,642,NULL,1061105,1061105,1061105,NULL,LIMIT,BUY,2,23,2018-08-17T04:54:02.905,2018-08-17T04:54:02.907
choice-moving,Surfer7@bmm,4845,323,6391,6391,645,NULL,1061106,1061106,1061106,NULL,LIMIT,SELL,1,1,2018-08-17T04:54:05.586,2018-08-17T04:54:05.588
choice-moving,Surfer1@bmm,4839,323,6391,6391,645,NULL,1061107,1061107,1061107,NULL,LIMIT,SELL,1,22,2018-08-17T04:54:05.930,2018-08-17T04:54:05.932
choice-moving,Surfer1@bmm,4839,323,6391,6391,645,NULL,1061108,1061108,1061108,NULL,LIMIT,SELL,1,22,2018-08-17T04:54:06.510,2018-08-17T04:54:06.519
choice-moving,Surfer2@bmm,4840,323,6391,6391,643,NULL,1061109,1061109,1061109,1061135,LIMIT,BUY,1,100,2018-08-17T04:54:06.865,2018-08-17T04:54:56.361
choice-moving,Surfer16@bmm,4854,323,6391,6391,642,NULL,1061110,1061110,1061110,NULL,LIMIT,BUY,2,16,2018-08-17T04:54:07.377,2018-08-17T04:54:07.379
choice-moving,Surfer6@bmm,4844,323,6391,6391,644,NULL,1061111,1061053,1061053,1061053,CANCEL,SELL,1,10,2018-08-17T04:54:09.150,2018-08-17T04:54:09.155
choice-moving,Surfer2@bmm,4840,323,6391,6391,642,NULL,1061112,1061112,1061112,1061127,LIMIT,BUY,1,100,2018-08-17T04:54:10.285,2018-08-17T04:54:47.625
choice-moving,Surfer6@bmm,4844,323,6391,6391,644,NULL,1061113,1061113,1061113,1061115,LIMIT,SELL,1,1,2018-08-17T04:54:14.360,2018-08-17T04:54:15.014
choice-moving,Surfer4@bmm,4842,323,6391,6391,644,NULL,1061114,1061114,1061114,0,LIMIT,BUY,1,6,2018-08-17T04:54:15.006,2018-08-17T04:54:15.014
choice-moving,Surfer4@bmm,4842,323,6391,6391,644,NULL,1061115,1061114,1061114,1061113,LIMIT,BUY,1,1,2018-08-17T04:54:15.011,2018-08-17T04:54:15.014
choice-moving,Surfer2@bmm,4840,323,6391,6391,642,NULL,1061116,1061116,1061116,1061136,LIMIT,BUY,1,100,2018-08-17T04:54:16.424,2018-08-17T04:54:56.758
choice-moving,Surfer18@bmm,4856,323,6391,6391,644,NULL,1061117,1061070,1061070,1061070,CANCEL,SELL,1,8,2018-08-17T04:54:20.848,2018-08-17T04:54:20.858
choice-moving,Surfer18@bmm,4856,323,6391,6391,644,NULL,1061118,1061118,1061118,NULL,LIMIT,SELL,1,3,2018-08-17T04:54:28.764,2018-08-17T04:54:28.767
choice-moving,Surfer8@bmm,4846,323,6391,6391,642,NULL,1061119,1061119,1061119,1061095,LIMIT,SELL,1,100,2018-08-17T04:54:30.136,2018-08-17T04:54:30.141
choice-moving,Surfer18@bmm,4856,323,6391,6391,644,NULL,1061120,1061120,1061120,NULL,LIMIT,SELL,1,4,2018-08-17T04:54:31.548,2018-08-17T04:54:31.550
choice-moving,Surfer8@bmm,4846,323,6391,6391,643,NULL,1061121,1061121,1061121,0,LIMIT,SELL,1,0,2018-08-17T04:54:35.153,2018-08-17T04:54:35.161
choice-moving,Surfer8@bmm,4846,323,6391,6391,643,NULL,1061122,1061121,1061121,1061102,LIMIT,SELL,1,100,2018-08-17T04:54:35.158,2018-08-17T04:54:35.161
choice-moving,Surfer16@bmm,4854,323,6391,6391,642,NULL,1061123,1061123,1061123,NULL,LIMIT,BUY,2,16,2018-08-17T04:54:37.354,2018-08-17T04:54:37.357
choice-moving,Surfer9@bmm,4847,323,6391,6391,643,NULL,1061124,1061124,1061124,NULL,LIMIT,BUY,1,77,2018-08-17T04:54:39.780,2018-08-17T04:54:39.782
choice-moving,Surfer16@bmm,4854,323,6391,6391,642,NULL,1061125,1061125,1061125,NULL,LIMIT,BUY,3,0,2018-08-17T04:54:39.818,2018-08-17T04:54:39.820
choice-moving,Surfer16@bmm,4854,323,6391,6391,642,NULL,1061126,1061126,1061126,NULL,LIMIT,BUY,3,0,2018-08-17T04:54:40.118,2018-08-17T04:54:40.120
choice-moving,Surfer8@bmm,4846,323,6391,6391,642,NULL,1061127,1061127,1061127,1061112,LIMIT,SELL,1,100,2018-08-17T04:54:47.619,2018-08-17T04:54:47.625
choice-moving,Surfer16@bmm,4854,323,6391,6391,642,NULL,1061128,1061128,1061128,NULL,LIMIT,BUY,1,10,2018-08-17T04:54:49.073,2018-08-17T04:54:49.075
choice-moving,Surfer15@bmm,4853,323,6391,6391,642,NULL,1061129,1060994,1060994,1060994,CANCEL,BUY,1,99,2018-08-17T04:54:49.638,2018-08-17T04:54:49.643
choice-moving,Surfer18@bmm,4856,323,6391,6391,644,NULL,1061130,1061073,1061073,1061073,CANCEL,SELL,1,6,2018-08-17T04:54:50.062,2018-08-17T04:54:50.067
choice-moving,Surfer15@bmm,4853,323,6391,6391,643,NULL,1061131,1061057,1061057,1061057,CANCEL,BUY,1,99,2018-08-17T04:54:50.188,2018-08-17T04:54:50.192
choice-moving,Surfer8@bmm,4846,323,6391,6391,643,NULL,1061132,1061132,1061132,1061104,LIMIT,SELL,1,100,2018-08-17T04:54:51.249,2018-08-17T04:54:51.254
choice-moving,Surfer16@bmm,4854,323,6391,6391,642,NULL,1061133,1061133,1061133,NULL,LIMIT,BUY,1,10,2018-08-17T04:54:52.796,2018-08-17T04:54:52.798
choice-moving,Surfer18@bmm,4856,323,6391,6391,644,NULL,1061134,1061134,1061134,NULL,LIMIT,SELL,1,1,2018-08-17T04:54:53.565,2018-08-17T04:54:53.567
choice-moving,Surfer19@bmm,4857,323,6391,6391,643,NULL,1061135,1061135,1061135,1061109,LIMIT,SELL,1,100,2018-08-17T04:54:56.355,2018-08-17T04:54:56.360
choice-moving,Surfer8@bmm,4846,323,6391,6391,642,NULL,1061136,1061136,1061136,1061116,LIMIT,SELL,1,100,2018-08-17T04:54:56.753,2018-08-17T04:54:56.758
choice-moving,Surfer10@bmm,4848,323,6391,6391,643,NULL,1061137,1060973,1060973,1060973,CANCEL,BUY,1,92,2018-08-17T04:54:56.929,2018-08-17T04:54:56.934
choice-moving,Surfer8@bmm,4846,323,6391,6391,643,NULL,1061138,1061138,1061138,NULL,LIMIT,SELL,1,100,2018-08-17T04:54:59.860,2018-08-17T04:54:59.862
choice-moving,Surfer8@bmm,4846,323,6391,6391,642,NULL,1061139,1061139,1061139,1061143,LIMIT,SELL,1,100,2018-08-17T04:55:02.337,2018-08-17T04:55:06.123
choice-moving,Surfer10@bmm,4848,323,6391,6391,644,NULL,1061140,1061086,1061086,1061086,CANCEL,SELL,1,10,2018-08-17T04:55:02.736,2018-08-17T04:55:02.741
choice-moving,Surfer4@bmm,4842,323,6391,6391,642,NULL,1061141,1061141,1061141,NULL,LIMIT,BUY,1,0,2018-08-17T04:55:03.754,2018-08-17T04:55:03.756
choice-moving,Surfer9@bmm,4847,323,6391,6391,642,NULL,1061142,1061142,1061142,NULL,LIMIT,BUY,5,25,2018-08-17T04:55:04.821,2018-08-17T04:55:04.824
choice-moving,Surfer4@bmm,4842,323,6391,6391,642,NULL,1061143,1061143,1061143,1061139,LIMIT,BUY,1,100,2018-08-17T04:55:06.117,2018-08-17T04:55:06.123
choice-moving,Surfer10@bmm,4848,323,6391,6391,645,NULL,1061145,1061071,1061071,1061071,CANCEL,BUY,5,0,2018-08-17T04:55:08.346,2018-08-17T04:55:08.350