account,email,owner,marketplace,session,period,market,target,order,original,supplier,consumer,type,side,units,price,createdDate,lastModifiedDate
choice-moving,Surfer4@bmm,4842,325,6462,6462,650,NULL,1217161,1217161,1217161,1217256,LIMIT,BUY,1,50,2018-08-21T05:01:02.823,2018-08-21T05:03:31.876
choice-moving,Surfer13@bmm,4851,325,6462,6462,653,NULL,1217162,1217162,1217162,1217198,LIMIT,SELL,1,23,2018-08-21T05:01:12.061,2018-08-21T05:02:11.363
choice-moving,Surfer15@bmm,4853,325,6462,6462,650,NULL,1217163,1217163,1217163,1217392,LIMIT,BUY,1,51,2018-08-21T05:01:13.399,2018-08-21T05:05:51.322
choice-moving,Surfer13@bmm,4851,325,6462,6462,653,NULL,1217164,1217164,1217164,1217197,LIMIT,SELL,1,32,2018-08-21T05:01:13.455,2018-08-21T05:02:10.102
choice-moving,Surfer2@bmm,4840,325,6462,6462,650,NULL,1217165,1217165,1217165,1217209,LIMIT,BUY,1,54,2018-08-21T05:01:14.544,2018-08-21T05:02:21.569
choice-moving,Surfer2@bmm,4840,325,6462,6462,650,NULL,1217166,1217166,1217166,1217206,LIMIT,BUY,1,58,2018-08-21T05:01:18.358,2018-08-21T05:02:19.855
choice-moving,Surfer15@bmm,4853,325,6462,6462,653,NULL,1217167,1217167,1217167,1217395,LIMIT,SELL,1,20,2018-08-21T05:01:21.427,2018-08-21T05:05:54.297
choice-moving,Surfer2@bmm,4840,325,6462,6462,650,NULL,1217168,1217168,1217168,1217203,LIMIT,BUY,1,70,2018-08-21T05:01:21.984,2018-08-21T05:02:18.120
choice-moving,Surfer13@bmm,4851,325,6462,6462,653,NULL,1217169,1217169,1217169,NULL,LIMIT,SELL,1,20,2018-08-21T05:01:25.684,2018-08-21T05:01:25.687
choice-moving,Surfer2@bmm,4840,325,6462,6462,650,NULL,1217170,1217170,1217170,1217202,LIMIT,BUY,1,81,2018-08-21T05:01:26.551,2018-08-21T05:02:17.032
choice-moving,Surfer9@bmm,4847,325,6462,6462,651,NULL,1217171,1217171,1217171,1217180,LIMIT,SELL,1,20,2018-08-21T05:01:27.723,2018-08-21T05:01:44.476
choice-moving,Surfer16@bmm,4854,325,6462,6462,650,NULL,1217172,1217172,1217172,1217182,LIMIT,BUY,1,99,2018-08-21T05:01:28.049,2018-08-21T05:01:47.741
choice-moving,Surfer2@bmm,4840,325,6462,6462,650,NULL,1217173,1217173,1217173,1217201,LIMIT,BUY,1,83,2018-08-21T05:01:29.303,2018-08-21T05:02:15.931
choice-moving,Surfer3@bmm,4841,325,6462,6462,653,NULL,1217174,1217174,1217174,1217312,LIMIT,SELL,1,18,2018-08-21T05:01:32.113,2018-08-21T05:04:30.011
choice-moving,Surfer9@bmm,4847,325,6462,6462,653,NULL,1217175,1217175,1217175,NULL,LIMIT,SELL,1,13,2018-08-21T05:01:35.888,2018-08-21T05:01:35.892
choice-moving,Surfer2@bmm,4840,325,6462,6462,652,NULL,1217176,1217176,1217176,1217178,LIMIT,SELL,1,93,2018-08-21T05:01:40.205,2018-08-21T05:01:42.479
choice-moving,Surfer16@bmm,4854,325,6462,6462,652,NULL,1217177,1217177,1217177,1217349,LIMIT,SELL,1,54,2018-08-21T05:01:41.133,2018-08-21T05:04:54.847
choice-moving,Surfer2@bmm,4840,325,6462,6462,652,NULL,1217178,1217176,1217176,1217176,CANCEL,SELL,1,93,2018-08-21T05:01:42.473,2018-08-21T05:01:42.479
choice-moving,Surfer16@bmm,4854,325,6462,6462,652,NULL,1217179,1217179,1217179,1217350,LIMIT,SELL,1,53,2018-08-21T05:01:43.712,2018-08-21T05:04:55.723
choice-moving,Surfer3@bmm,4841,325,6462,6462,651,NULL,1217180,1217180,1217180,1217171,LIMIT,BUY,1,20,2018-08-21T05:01:44.467,2018-08-21T05:01:44.476
choice-moving,Surfer16@bmm,4854,325,6462,6462,652,NULL,1217181,1217181,1217181,1217355,LIMIT,SELL,1,52,2018-08-21T05:01:46.451,2018-08-21T05:05:02.535
choice-moving,Surfer14@bmm,4852,325,6462,6462,650,NULL,1217182,1217182,1217182,1217172,LIMIT,SELL,1,99,2018-08-21T05:01:47.733,2018-08-21T05:01:47.741
choice-moving,Surfer16@bmm,4854,325,6462,6462,652,NULL,1217183,1217183,1217183,1217359,LIMIT,SELL,1,51,2018-08-21T05:01:47.781,2018-08-21T05:05:05.463
choice-moving,Surfer16@bmm,4854,325,6462,6462,650,NULL,1217184,1217184,1217184,1217190,LIMIT,BUY,1,99,2018-08-21T05:01:53.895,2018-08-21T05:01:58.593
choice-moving,Surfer8@bmm,4846,325,6462,6462,652,NULL,1217185,1217185,1217185,1217213,LIMIT,SELL,1,40,2018-08-21T05:01:54.563,2018-08-21T05:02:27.370
choice-moving,Surfer16@bmm,4854,325,6462,6462,650,NULL,1217186,1217186,1217186,NULL,LIMIT,BUY,1,99,2018-08-21T05:01:56.535,2018-08-21T05:01:56.539
choice-moving,Surfer13@bmm,4851,325,6462,6462,650,NULL,1217187,1217187,1217187,NULL,LIMIT,BUY,1,99,2018-08-21T05:01:57.892,2018-08-21T05:01:57.895
choice-moving,Surfer13@bmm,4851,325,6462,6462,650,NULL,1217188,1217188,1217188,NULL,LIMIT,BUY,1,99,2018-08-21T05:01:58.128,2018-08-21T05:01:58.131
choice-moving,Surfer13@bmm,4851,325,6462,6462,650,NULL,1217189,1217189,1217189,NULL,LIMIT,BUY,1,99,2018-08-21T05:01:58.526,2018-08-21T05:01:58.529
choice-moving,Surfer14@bmm,4852,325,6462,6462,650,NULL,1217190,1217190,1217190,1217184,LIMIT,SELL,1,99,2018-08-21T05:01:58.586,2018-08-21T05:01:58.593
choice-moving,Surfer16@bmm,4854,325,6462,6462,650,NULL,1217191,1217191,1217191,NULL,LIMIT,BUY,1,99,2018-08-21T05:01:59.732,2018-08-21T05:01:59.735
choice-moving,Surfer13@bmm,4851,325,6462,6462,650,NULL,1217192,1217192,1217192,1217327,LIMIT,BUY,1,99,2018-08-21T05:02:00.963,2018-08-21T05:04:38.687
choice-moving,Surfer8@bmm,4846,325,6462,6462,650,NULL,1217193,1217193,1217193,NULL,LIMIT,BUY,1,64,2018-08-21T05:02:02.054,2018-08-21T05:02:02.057
choice-moving,Surfer1@bmm,4839,325,6462,6462,650,NULL,1217194,1217194,1217194,NULL,LIMIT,BUY,1,99,2018-08-21T05:02:03.474,2018-08-21T05:02:03.477
choice-moving,Surfer3@bmm,4841,325,6462,6462,650,NULL,1217195,1217195,1217195,NULL,LIMIT,BUY,3,99,2018-08-21T05:02:03.659,2018-08-21T05:02:03.662
choice-moving,Surfer13@bmm,4851,325,6462,6462,653,NULL,1217196,1217196,1217196,1217295,LIMIT,SELL,1,13,2018-08-21T05:02:07.514,2018-08-21T05:04:13.762
choice-moving,Surfer13@bmm,4851,325,6462,6462,653,NULL,1217197,1217164,1217164,1217164,CANCEL,SELL,1,32,2018-08-21T05:02:10.095,2018-08-21T05:02:10.102
choice-moving,Surfer13@bmm,4851,325,6462,6462,653,NULL,1217198,1217162,1217162,1217162,CANCEL,SELL,1,23,2018-08-21T05:02:11.356,2018-08-21T05:02:11.363
choice-moving,Surfer13@bmm,4851,325,6462,6462,653,NULL,1217199,1217199,1217199,1217294,LIMIT,SELL,2,13,2018-08-21T05:02:13.713,2018-08-21T05:04:13.326
choice-moving,Surfer2@bmm,4840,325,6462,6462,650,NULL,1217201,1217173,1217173,1217173,CANCEL,BUY,1,83,2018-08-21T05:02:15.924,2018-08-21T05:02:15.930
choice-moving,Surfer2@bmm,4840,325,6462,6462,650,NULL,1217202,1217170,1217170,1217170,CANCEL,BUY,1,81,2018-08-21T05:02:17.026,2018-08-21T05:02:17.032
choice-moving,Surfer2@bmm,4840,325,6462,6462,650,NULL,1217203,1217168,1217168,1217168,CANCEL,BUY,1,70,2018-08-21T05:02:18.113,2018-08-21T05:02:18.120
choice-moving,Surfer9@bmm,4847,325,6462,6462,650,NULL,1217204,1217204,1217204,1217221,LIMIT,BUY,1,100,2018-08-21T05:02:18.503,2018-08-21T05:02:36.713
choice-moving,Surfer12@bmm,4850,325,6462,6462,650,NULL,1217205,1217205,1217205,1217222,LIMIT,BUY,1,100,2018-08-21T05:02:18.579,2018-08-21T05:02:39.803
choice-moving,Surfer2@bmm,4840,325,6462,6462,650,NULL,1217206,1217166,1217166,1217166,CANCEL,BUY,1,58,2018-08-21T05:02:19.844,2018-08-21T05:02:19.854
choice-moving,Surfer7@bmm,4845,325,6462,6462,653,NULL,1217207,1217207,1217207,1217471,LIMIT,SELL,1,11,2018-08-21T05:02:20.969,2018-08-21T05:08:49.287
choice-moving,Surfer15@bmm,4853,325,6462,6462,653,NULL,1217208,1217208,1217208,1217398,LIMIT,SELL,1,12,2018-08-21T05:02:21.404,2018-08-21T05:05:54.948
choice-moving,Surfer2@bmm,4840,325,6462,6462,650,NULL,1217209,1217165,1217165,1217165,CANCEL,BUY,1,54,2018-08-21T05:02:21.561,2018-08-21T05:02:21.569
choice-moving,Surfer1@bmm,4839,325,6462,6462,653,NULL,1217210,1217210,1217210,1217242,LIMIT,SELL,1,1,2018-08-21T05:02:21.807,2018-08-21T05:03:07.346
choice-moving,Surfer9@bmm,4847,325,6462,6462,651,NULL,1217211,1217211,1217211,1217216,LIMIT,SELL,1,20,2018-08-21T05:02:23.531,2018-08-21T05:02:32.049
choice-moving,Surfer10@bmm,4848,325,6462,6462,650,NULL,1217212,1217212,1217212,NULL,LIMIT,BUY,1,47,2018-08-21T05:02:24.320,2018-08-21T05:02:24.323
choice-moving,Surfer14@bmm,4852,325,6462,6462,652,NULL,1217213,1217213,1217213,1217185,LIMIT,BUY,1,40,2018-08-21T05:02:27.362,2018-08-21T05:02:27.370
choice-moving,Surfer5@bmm,4843,325,6462,6462,653,NULL,1217214,1217214,1217214,1217400,LIMIT,SELL,1,100,2018-08-21T05:02:28.663,2018-08-21T05:05:58.585
choice-moving,Surfer13@bmm,4851,325,6462,6462,651,NULL,1217215,1217215,1217215,0,LIMIT,BUY,1,77,2018-08-21T05:02:32.027,2018-08-21T05:02:32.049
choice-moving,Surfer13@bmm,4851,325,6462,6462,651,NULL,1217216,1217215,1217215,1217211,LIMIT,BUY,1,20,2018-08-21T05:02:32.034,2018-08-21T05:02:32.049
choice-moving,Surfer13@bmm,4851,325,6462,6462,651,NULL,1217217,1217217,1217217,1217219,LIMIT,BUY,1,77,2018-08-21T05:02:32.083,2018-08-21T05:02:34.893
choice-moving,Surfer3@bmm,4841,325,6462,6462,651,NULL,1217218,1217218,1217218,0,LIMIT,SELL,1,49,2018-08-21T05:02:34.882,2018-08-21T05:02:34.892
choice-moving,Surfer3@bmm,4841,325,6462,6462,651,NULL,1217219,1217218,1217218,1217217,LIMIT,SELL,1,77,2018-08-21T05:02:34.889,2018-08-21T05:02:34.893
choice-moving,Surfer5@bmm,4843,325,6462,6462,650,NULL,1217220,1217220,1217220,1217326,LIMIT,BUY,1,100,2018-08-21T05:02:35.846,2018-08-21T05:04:38.490
choice-moving,Surfer14@bmm,4852,325,6462,6462,650,NULL,1217221,1217221,1217221,1217204,LIMIT,SELL,1,100,2018-08-21T05:02:36.706,2018-08-21T05:02:36.712
choice-moving,Surfer14@bmm,4852,325,6462,6462,650,NULL,1217222,1217222,1217222,1217205,LIMIT,SELL,1,100,2018-08-21T05:02:39.795,2018-08-21T05:02:39.803
choice-moving,Surfer4@bmm,4842,325,6462,6462,652,NULL,1217223,1217223,1217223,1217234,LIMIT,SELL,1,3,2018-08-21T05:02:40.788,2018-08-21T05:02:54.406
choice-moving,Surfer9@bmm,4847,325,6462,6462,653,NULL,1217224,1217224,1217224,NULL,LIMIT,SELL,1,6,2018-08-21T05:02:41.012,2018-08-21T05:02:41.020
choice-moving,Surfer3@bmm,4841,325,6462,6462,651,NULL,1217225,1217225,1217225,0,LIMIT,SELL,2,77,2018-08-21T05:02:44.934,2018-08-21T05:02:45.923
choice-moving,Surfer5@bmm,4843,325,6462,6462,651,NULL,1217226,1217226,1217226,0,LIMIT,BUY,1,100,2018-08-21T05:02:45.902,2018-08-21T05:02:45.923
choice-moving,Surfer5@bmm,4843,325,6462,6462,651,NULL,1217227,1217226,1217226,1217228,LIMIT,BUY,1,77,2018-08-21T05:02:45.911,2018-08-21T05:02:45.923
choice-moving,Surfer3@bmm,4841,325,6462,6462,651,NULL,1217228,1217225,1217225,1217227,LIMIT,SELL,1,77,2018-08-21T05:02:45.914,2018-08-21T05:02:45.924
choice-moving,Surfer3@bmm,4841,325,6462,6462,651,NULL,1217229,1217225,1217225,1217232,LIMIT,SELL,1,77,2018-08-21T05:02:44.934,2018-08-21T05:02:51.184
choice-moving,Surfer4@bmm,4842,325,6462,6462,652,NULL,1217230,1217230,1217230,1217432,LIMIT,SELL,1,3,2018-08-21T05:02:48.447,2018-08-21T05:07:13.748
choice-moving,Surfer3@bmm,4841,325,6462,6462,651,NULL,1217231,1217231,1217231,0,LIMIT,SELL,2,91,2018-08-21T05:02:50.067,2018-08-21T05:02:56.747
choice-moving,Surfer3@bmm,4841,325,6462,6462,651,NULL,1217232,1217225,1217225,1217229,CANCEL,SELL,1,77,2018-08-21T05:02:51.177,2018-08-21T05:02:51.184
choice-moving,Surfer12@bmm,4850,325,6462,6462,652,NULL,1217233,1217233,1217233,NULL,LIMIT,SELL,1,10,2018-08-21T05:02:52.780,2018-08-21T05:02:52.783
choice-moving,Surfer10@bmm,4848,325,6462,6462,652,NULL,1217234,1217234,1217234,1217223,LIMIT,BUY,1,3,2018-08-21T05:02:54.398,2018-08-21T05:02:54.406
choice-moving,Surfer5@bmm,4843,325,6462,6462,651,NULL,1217235,1217235,1217235,1217236,LIMIT,BUY,1,91,2018-08-21T05:02:56.733,2018-08-21T05:02:56.747
choice-moving,Surfer3@bmm,4841,325,6462,6462,651,NULL,1217236,1217231,1217231,1217235,LIMIT,SELL,1,91,2018-08-21T05:02:56.739,2018-08-21T05:02:56.747
choice-moving,Surfer3@bmm,4841,325,6462,6462,651,NULL,1217237,1217231,1217231,1217239,LIMIT,SELL,1,91,2018-08-21T05:02:50.067,2018-08-21T05:03:06.628
choice-moving,Surfer15@bmm,4853,325,6462,6462,651,NULL,1217238,1217238,1217238,1217241,LIMIT,SELL,1,90,2018-08-21T05:02:59.883,2018-08-21T05:03:06.810
choice-moving,Surfer3@bmm,4841,325,6462,6462,651,NULL,1217239,1217231,1217231,1217237,CANCEL,SELL,1,91,2018-08-21T05:03:06.621,2018-08-21T05:03:06.628
choice-moving,Surfer5@bmm,4843,325,6462,6462,651,NULL,1217240,1217240,1217240,0,LIMIT,BUY,1,91,2018-08-21T05:03:06.798,2018-08-21T05:03:06.809
choice-moving,Surfer5@bmm,4843,325,6462,6462,651,NULL,1217241,1217240,1217240,1217238,LIMIT,BUY,1,90,2018-08-21T05:03:06.805,2018-08-21T05:03:06.810
choice-moving,Surfer10@bmm,4848,325,6462,6462,653,NULL,1217242,1217242,1217242,1217210,LIMIT,BUY,1,1,2018-08-21T05:03:07.336,2018-08-21T05:03:07.345
choice-moving,Surfer3@bmm,4841,325,6462,6462,651,NULL,1217243,1217243,1217243,1217250,LIMIT,SELL,2,96,2018-08-21T05:03:10.570,2018-08-21T05:03:25.650
choice-moving,Surfer17@bmm,4855,325,6462,6462,653,NULL,1217244,1217244,1217244,NULL,LIMIT,SELL,1,50,2018-08-21T05:03:12.968,2018-08-21T05:03:12.972
choice-moving,Surfer7@bmm,4845,325,6462,6462,651,NULL,1217245,1217245,1217245,1217247,LIMIT,SELL,1,80,2018-08-21T05:03:19.068,2018-08-21T05:03:19.381
choice-moving,Surfer10@bmm,4848,325,6462,6462,651,NULL,1217246,1217246,1217246,0,LIMIT,BUY,1,96,2018-08-21T05:03:19.369,2018-08-21T05:03:19.380
choice-moving,Surfer10@bmm,4848,325,6462,6462,651,NULL,1217247,1217246,1217246,1217245,LIMIT,BUY,1,80,2018-08-21T05:03:19.377,2018-08-21T05:03:19.381
choice-moving,Surfer7@bmm,4845,325,6462,6462,651,NULL,1217248,1217248,1217248,1217252,LIMIT,SELL,1,80,2018-08-21T05:03:20.527,2018-08-21T05:03:25.845
choice-moving,Surfer4@bmm,4842,325,6462,6462,652,NULL,1217249,1217249,1217249,1217519,LIMIT,SELL,1,1,2018-08-21T05:03:23.718,2018-08-21T05:10:45.583
choice-moving,Surfer3@bmm,4841,325,6462,6462,651,NULL,1217250,1217243,1217243,1217243,CANCEL,SELL,2,96,2018-08-21T05:03:25.643,2018-08-21T05:03:25.650
choice-moving,Surfer5@bmm,4843,325,6462,6462,651,NULL,1217251,1217251,1217251,0,LIMIT,BUY,1,96,2018-08-21T05:03:25.834,2018-08-21T05:03:25.845
choice-moving,Surfer5@bmm,4843,325,6462,6462,651,NULL,1217252,1217251,1217251,1217248,LIMIT,BUY,1,80,2018-08-21T05:03:25.841,2018-08-21T05:03:25.845
choice-moving,Surfer3@bmm,4841,325,6462,6462,651,NULL,1217253,1217253,1217253,0,LIMIT,SELL,2,79,2018-08-21T05:03:26.362,2018-08-21T05:03:39.952
choice-moving,Surfer7@bmm,4845,325,6462,6462,651,NULL,1217254,1217254,1217254,1217278,LIMIT,SELL,1,80,2018-08-21T05:03:26.949,2018-08-21T05:03:53.242
choice-moving,Surfer17@bmm,4855,325,6462,6462,651,NULL,1217255,1217255,1217255,1217297,LIMIT,SELL,1,100,2018-08-21T05:03:30.538,2018-08-21T05:04:16.462
choice-moving,Surfer4@bmm,4842,325,6462,6462,650,NULL,1217256,1217161,1217161,1217161,CANCEL,BUY,1,50,2018-08-21T05:03:31.869,2018-08-21T05:03:31.876
choice-moving,Surfer7@bmm,4845,325,6462,6462,651,NULL,1217257,1217257,1217257,1217316,LIMIT,SELL,1,86,2018-08-21T05:03:34.187,2018-08-21T05:04:33.297
choice-moving,Surfer1@bmm,4839,325,6462,6462,653,NULL,1217258,1217258,1217258,1217461,LIMIT,SELL,1,1,2018-08-21T05:03:35.218,2018-08-21T05:08:40.587
choice-moving,Surfer5@bmm,4843,325,6462,6462,651,NULL,1217260,1217260,1217260,0,LIMIT,BUY,1,80,2018-08-21T05:03:39.936,2018-08-21T05:03:39.952
choice-moving,Surfer5@bmm,4843,325,6462,6462,651,NULL,1217261,1217260,1217260,1217262,LIMIT,BUY,1,79,2018-08-21T05:03:39.942,2018-08-21T05:03:39.952
choice-moving,Surfer3@bmm,4841,325,6462,6462,651,NULL,1217262,1217253,1217253,1217261,LIMIT,SELL,1,79,2018-08-21T05:03:39.945,2018-08-21T05:03:39.952
choice-moving,Surfer3@bmm,4841,325,6462,6462,651,NULL,1217263,1217253,1217253,1217273,LIMIT,SELL,1,79,2018-08-21T05:03:26.362,2018-08-21T05:03:46.785
choice-moving,Surfer10@bmm,4848,325,6462,6462,650,NULL,1217264,1217264,1217264,NULL,LIMIT,BUY,1,34,2018-08-21T05:03:40.086,2018-08-21T05:03:40.089
choice-moving,Surfer7@bmm,4845,325,6462,6462,650,NULL,1217265,1217265,1217265,1217503,LIMIT,BUY,1,99,2018-08-21T05:03:44.283,2018-08-21T05:10:03.652
choice-moving,Surfer7@bmm,4845,325,6462,6462,650,NULL,1217266,1217266,1217266,1217502,LIMIT,BUY,1,99,2018-08-21T05:03:44.906,2018-08-21T05:10:02.799
choice-moving,Surfer7@bmm,4845,325,6462,6462,650,NULL,1217267,1217267,1217267,1217501,LIMIT,BUY,1,99,2018-08-21T05:03:45.140,2018-08-21T05:10:02.153
choice-moving,Surfer7@bmm,4845,325,6462,6462,650,NULL,1217268,1217268,1217268,1217500,LIMIT,BUY,1,99,2018-08-21T05:03:45.373,2018-08-21T05:10:01.456
choice-moving,Surfer7@bmm,4845,325,6462,6462,650,NULL,1217269,1217269,1217269,1217499,LIMIT,BUY,1,99,2018-08-21T05:03:45.607,2018-08-21T05:10:00.853
choice-moving,Surfer7@bmm,4845,325,6462,6462,650,NULL,1217270,1217270,1217270,1217498,LIMIT,BUY,1,99,2018-08-21T05:03:46.259,2018-08-21T05:10:00.266
choice-moving,Surfer7@bmm,4845,325,6462,6462,650,NULL,1217271,1217271,1217271,1217496,LIMIT,BUY,1,99,2018-08-21T05:03:46.447,2018-08-21T05:09:59.561
choice-moving,Surfer5@bmm,4843,325,6462,6462,651,NULL,1217272,1217272,1217272,0,LIMIT,BUY,1,80,2018-08-21T05:03:46.772,2018-08-21T05:03:46.784
choice-moving,Surfer5@bmm,4843,325,6462,6462,651,NULL,1217273,1217272,1217272,1217263,LIMIT,BUY,1,79,2018-08-21T05:03:46.781,2018-08-21T05:03:46.785
choice-moving,Surfer1@bmm,4839,325,6462,6462,651,NULL,1217274,1217274,1217274,1217458,LIMIT,SELL,1,100,2018-08-21T05:03:48.705,2018-08-21T05:08:38.860
choice-moving,Surfer2@bmm,4840,325,6462,6462,652,NULL,1217275,1217275,1217275,1217281,LIMIT,SELL,1,0,2018-08-21T05:03:49.141,2018-08-21T05:03:56.042
choice-moving,Surfer17@bmm,4855,325,6462,6462,653,NULL,1217276,1217276,1217276,1217280,LIMIT,SELL,1,20,2018-08-21T05:03:49.185,2018-08-21T05:03:53.679
choice-moving,Surfer8@bmm,4846,325,6462,6462,652,NULL,1217277,1217277,1217277,1217382,LIMIT,SELL,1,28,2018-08-21T05:03:52.633,2018-08-21T05:05:26.316
choice-moving,Surfer5@bmm,4843,325,6462,6462,651,NULL,1217278,1217278,1217278,1217254,LIMIT,BUY,1,80,2018-08-21T05:03:53.235,2018-08-21T05:03:53.242
choice-moving,Surfer15@bmm,4853,325,6462,6462,651,NULL,1217279,1217279,1217279,1217292,LIMIT,SELL,1,79,2018-08-21T05:03:53.448,2018-08-21T05:04:11.776
choice-moving,Surfer17@bmm,4855,325,6462,6462,653,NULL,1217280,1217276,1217276,1217276,CANCEL,SELL,1,20,2018-08-21T05:03:53.672,2018-08-21T05:03:53.679
choice-moving,Surfer1@bmm,4839,325,6462,6462,652,NULL,1217281,1217281,1217281,1217275,LIMIT,BUY,1,0,2018-08-21T05:03:56.033,2018-08-21T05:03:56.042
choice-moving,Surfer7@bmm,4845,325,6462,6462,653,NULL,1217282,1217282,1217282,NULL,LIMIT,SELL,1,5,2018-08-21T05:03:56.770,2018-08-21T05:03:56.774
choice-moving,Surfer7@bmm,4845,325,6462,6462,653,NULL,1217283,1217283,1217283,NULL,LIMIT,SELL,1,5,2018-08-21T05:03:56.959,2018-08-21T05:03:56.962
choice-moving,Surfer7@bmm,4845,325,6462,6462,653,NULL,1217284,1217284,1217284,1217473,LIMIT,SELL,1,5,2018-08-21T05:03:57.173,2018-08-21T05:08:53.739
choice-moving,Surfer17@bmm,4855,325,6462,6462,653,NULL,1217285,1217285,1217285,NULL,LIMIT,SELL,1,13,2018-08-21T05:03:59.266,2018-08-21T05:03:59.272
choice-moving,Surfer1@bmm,4839,325,6462,6462,652,NULL,1217286,1217286,1217286,NULL,LIMIT,SELL,1,1,2018-08-21T05:04:00.362,2018-08-21T05:04:00.365
choice-moving,Surfer9@bmm,4847,325,6462,6462,651,NULL,1217287,1217287,1217287,1217491,LIMIT,SELL,1,80,2018-08-21T05:04:03.501,2018-08-21T05:09:25.119
choice-moving,Surfer12@bmm,4850,325,6462,6462,652,NULL,1217288,1217288,1217288,1217298,LIMIT,SELL,1,0,2018-08-21T05:04:06.406,2018-08-21T05:04:16.789
choice-moving,Surfer2@bmm,4840,325,6462,6462,650,NULL,1217289,1217289,1217289,1217381,LIMIT,BUY,1,100,2018-08-21T05:04:10.385,2018-08-21T05:05:24.534
choice-moving,Surfer8@bmm,4846,325,6462,6462,650,NULL,1217290,1217290,1217290,NULL,LIMIT,BUY,1,77,2018-08-21T05:04:10.598,2018-08-21T05:04:10.601
choice-moving,Surfer5@bmm,4843,325,6462,6462,651,NULL,1217291,1217291,1217291,0,LIMIT,BUY,1,100,2018-08-21T05:04:11.765,2018-08-21T05:04:11.776
choice-moving,Surfer5@bmm,4843,325,6462,6462,651,NULL,1217292,1217291,1217291,1217279,LIMIT,BUY,1,79,2018-08-21T05:04:11.772,2018-08-21T05:04:11.776
choice-moving,Surfer2@bmm,4840,325,6462,6462,650,NULL,1217293,1217293,1217293,1217419,LIMIT,BUY,1,100,2018-08-21T05:04:12.535,2018-08-21T05:06:42.152
choice-moving,Surfer13@bmm,4851,325,6462,6462,653,NULL,1217294,1217199,1217199,1217199,CANCEL,SELL,2,13,2018-08-21T05:04:13.320,2018-08-21T05:04:13.326
choice-moving,Surfer13@bmm,4851,325,6462,6462,653,NULL,1217295,1217196,1217196,1217196,CANCEL,SELL,1,13,2018-08-21T05:04:13.756,2018-08-21T05:04:13.762
choice-moving,Surfer2@bmm,4840,325,6462,6462,650,NULL,1217296,1217296,1217296,NULL,LIMIT,BUY,1,99,2018-08-21T05:04:14.952,2018-08-21T05:04:14.956
choice-moving,Surfer17@bmm,4855,325,6462,6462,651,NULL,1217297,1217255,1217255,1217255,CANCEL,SELL,1,100,2018-08-21T05:04:16.455,2018-08-21T05:04:16.461
choice-moving,Surfer1@bmm,4839,325,6462,6462,652,NULL,1217298,1217298,1217298,1217288,LIMIT,BUY,1,0,2018-08-21T05:04:16.781,2018-08-21T05:04:16.789
choice-moving,Surfer2@bmm,4840,325,6462,6462,650,NULL,1217299,1217299,1217299,NULL,LIMIT,BUY,1,99,2018-08-21T05:04:17.319,2018-08-21T05:04:17.322
choice-moving,Surfer13@bmm,4851,325,6462,6462,653,NULL,1217300,1217300,1217300,1217307,LIMIT,SELL,1,0,2018-08-21T05:04:17.985,2018-08-21T05:04:24.930
choice-moving,Surfer13@bmm,4851,325,6462,6462,653,NULL,1217301,1217301,1217301,1217334,LIMIT,SELL,1,0,2018-08-21T05:04:18.132,2018-08-21T05:04:47.064
choice-moving,Surfer13@bmm,4851,325,6462,6462,653,NULL,1217302,1217302,1217302,1217335,LIMIT,SELL,1,0,2018-08-21T05:04:18.295,2018-08-21T05:04:47.667
choice-moving,Surfer9@bmm,4847,325,6462,6462,653,NULL,1217303,1217303,1217303,NULL,LIMIT,SELL,1,21,2018-08-21T05:04:18.341,2018-08-21T05:04:18.345
choice-moving,Surfer2@bmm,4840,325,6462,6462,650,NULL,1217304,1217304,1217304,NULL,LIMIT,BUY,1,99,2018-08-21T05:04:19.595,2018-08-21T05:04:19.598
choice-moving,Surfer1@bmm,4839,325,6462,6462,652,NULL,1217305,1217305,1217305,NULL,LIMIT,SELL,1,1,2018-08-21T05:04:21.314,2018-08-21T05:04:21.320
choice-moving,Surfer2@bmm,4840,325,6462,6462,650,NULL,1217306,1217306,1217306,NULL,LIMIT,BUY,1,100,2018-08-21T05:04:22.306,2018-08-21T05:04:22.310
choice-moving,Surfer12@bmm,4850,325,6462,6462,653,NULL,1217307,1217307,1217307,1217300,LIMIT,BUY,1,0,2018-08-21T05:04:24.923,2018-08-21T05:04:24.930
choice-moving,Surfer17@bmm,4855,325,6462,6462,651,NULL,1217308,1217308,1217308,NULL,LIMIT,SELL,1,88,2018-08-21T05:04:25.113,2018-08-21T05:04:25.116
choice-moving,Surfer1@bmm,4839,325,6462,6462,652,NULL,1217309,1217309,1217309,1217311,LIMIT,BUY,1,0,2018-08-21T05:04:28.141,2018-08-21T05:04:29.246
choice-moving,Surfer1@bmm,4839,325,6462,6462,652,NULL,1217310,1217310,1217310,1217322,LIMIT,BUY,1,0,2018-08-21T05:04:29.047,2018-08-21T05:04:35.732
choice-moving,Surfer14@bmm,4852,325,6462,6462,652,NULL,1217311,1217311,1217311,1217309,LIMIT,SELL,1,0,2018-08-21T05:04:29.239,2018-08-21T05:04:29.246
choice-moving,Surfer3@bmm,4841,325,6462,6462,653,NULL,1217312,1217174,1217174,1217174,CANCEL,SELL,1,18,2018-08-21T05:04:30.004,2018-08-21T05:04:30.010
choice-moving,Surfer3@bmm,4841,325,6462,6462,653,NULL,1217313,1217174,1217174,1217313,CANCEL,SELL,1,18,2018-08-21T05:04:30.274,2018-08-21T05:04:30.282
choice-moving,Surfer3@bmm,4841,325,6462,6462,653,NULL,1217314,1217174,1217174,1217314,CANCEL,SELL,1,18,2018-08-21T05:04:30.488,2018-08-21T05:04:30.494
choice-moving,Surfer2@bmm,4840,325,6462,6462,650,NULL,1217315,1217315,1217315,NULL,LIMIT,BUY,1,100,2018-08-21T05:04:31.136,2018-08-21T05:04:31.139
choice-moving,Surfer7@bmm,4845,325,6462,6462,651,NULL,1217316,1217257,1217257,1217257,CANCEL,SELL,1,86,2018-08-21T05:04:33.290,2018-08-21T05:04:33.297
choice-moving,Surfer2@bmm,4840,325,6462,6462,650,NULL,1217317,1217317,1217317,1217507,LIMIT,BUY,1,99,2018-08-21T05:04:33.762,2018-08-21T05:10:21.796
choice-moving,Surfer7@bmm,4845,325,6462,6462,651,NULL,1217318,1217318,1217318,1217396,LIMIT,SELL,1,74,2018-08-21T05:04:34.158,2018-08-21T05:05:54.597
choice-moving,Surfer14@bmm,4852,325,6462,6462,652,NULL,1217319,1217319,1217319,NULL,LIMIT,SELL,1,1,2018-08-21T05:04:34.404,2018-08-21T05:04:34.407
choice-moving,Surfer15@bmm,4853,325,6462,6462,651,NULL,1217320,1217320,1217320,1217336,LIMIT,SELL,1,79,2018-08-21T05:04:34.732,2018-08-21T05:04:47.757
choice-moving,Surfer3@bmm,4841,325,6462,6462,653,NULL,1217321,1217321,1217321,1217462,LIMIT,SELL,4,1,2018-08-21T05:04:35.620,2018-08-21T05:08:40.587
choice-moving,Surfer1@bmm,4839,325,6462,6462,652,NULL,1217322,1217310,1217310,1217310,CANCEL,BUY,1,0,2018-08-21T05:04:35.725,2018-08-21T05:04:35.731
choice-moving,Surfer17@bmm,4855,325,6462,6462,651,NULL,1217323,1217323,1217323,1217409,LIMIT,SELL,1,100,2018-08-21T05:04:36.347,2018-08-21T05:06:18.597
choice-moving,Surfer15@bmm,4853,325,6462,6462,651,NULL,1217324,1217324,1217324,1217333,LIMIT,SELL,1,79,2018-08-21T05:04:37.722,2018-08-21T05:04:46.147
choice-moving,Surfer14@bmm,4852,325,6462,6462,652,NULL,1217325,1217325,1217325,NULL,LIMIT,SELL,1,1,2018-08-21T05:04:38.440,2018-08-21T05:04:38.443
choice-moving,Surfer5@bmm,4843,325,6462,6462,650,NULL,1217326,1217220,1217220,1217220,CANCEL,BUY,1,100,2018-08-21T05:04:38.482,2018-08-21T05:04:38.490
choice-moving,Surfer13@bmm,4851,325,6462,6462,650,NULL,1217327,1217192,1217192,1217192,CANCEL,BUY,1,99,2018-08-21T05:04:38.681,2018-08-21T05:04:38.687
choice-moving,Surfer14@bmm,4852,325,6462,6462,652,NULL,1217328,1217328,1217328,1217339,LIMIT,SELL,1,2,2018-08-21T05:04:40.853,2018-08-21T05:04:49.424
choice-moving,Surfer14@bmm,4852,325,6462,6462,652,NULL,1217329,1217329,1217329,NULL,LIMIT,SELL,1,1,2018-08-21T05:04:42.636,2018-08-21T05:04:42.640
choice-moving,Surfer1@bmm,4839,325,6462,6462,653,NULL,1217330,1217330,1217330,1217337,LIMIT,SELL,1,0,2018-08-21T05:04:43.851,2018-08-21T05:04:48.411
choice-moving,Surfer9@bmm,4847,325,6462,6462,651,NULL,1217331,1217331,1217331,NULL,LIMIT,SELL,1,60,2018-08-21T05:04:44.178,2018-08-21T05:04:44.181
choice-moving,Surfer1@bmm,4839,325,6462,6462,653,NULL,1217332,1217332,1217332,1217338,LIMIT,SELL,1,0,2018-08-21T05:04:44.656,2018-08-21T05:04:49.360
choice-moving,Surfer15@bmm,4853,325,6462,6462,651,NULL,1217333,1217324,1217324,1217324,CANCEL,SELL,1,79,2018-08-21T05:04:46.101,2018-08-21T05:04:46.147
choice-moving,Surfer1@bmm,4839,325,6462,6462,653,NULL,1217334,1217334,1217334,1217301,LIMIT,BUY,1,0,2018-08-21T05:04:47.017,2018-08-21T05:04:47.064
choice-moving,Surfer1@bmm,4839,325,6462,6462,653,NULL,1217335,1217335,1217335,1217302,LIMIT,BUY,1,0,2018-08-21T05:04:47.629,2018-08-21T05:04:47.667
choice-moving,Surfer15@bmm,4853,325,6462,6462,651,NULL,1217336,1217320,1217320,1217320,CANCEL,SELL,1,79,2018-08-21T05:04:47.722,2018-08-21T05:04:47.757
choice-moving,Surfer1@bmm,4839,325,6462,6462,653,NULL,1217337,1217337,1217337,1217330,LIMIT,BUY,1,0,2018-08-21T05:04:48.404,2018-08-21T05:04:48.411
choice-moving,Surfer1@bmm,4839,325,6462,6462,653,NULL,1217338,1217338,1217338,1217332,LIMIT,BUY,1,0,2018-08-21T05:04:49.352,2018-08-21T05:04:49.359
choice-moving,Surfer14@bmm,4852,325,6462,6462,652,NULL,1217339,1217328,1217328,1217328,CANCEL,SELL,1,2,2018-08-21T05:04:49.417,2018-08-21T05:04:49.424
choice-moving,Surfer10@bmm,4848,325,6462,6462,651,NULL,1217340,1217340,1217340,1217383,LIMIT,SELL,1,46,2018-08-21T05:04:49.534,2018-08-21T05:05:27.468
choice-moving,Surfer8@bmm,4846,325,6462,6462,650,NULL,1217341,1217341,1217341,NULL,LIMIT,BUY,1,100,2018-08-21T05:04:50.255,2018-08-21T05:04:50.258
choice-moving,Surfer14@bmm,4852,325,6462,6462,652,NULL,1217342,1217342,1217342,1217366,LIMIT,SELL,1,0,2018-08-21T05:04:51.268,2018-08-21T05:05:12.176
choice-moving,Surfer15@bmm,4853,325,6462,6462,651,NULL,1217343,1217343,1217343,1217376,LIMIT,SELL,1,44,2018-08-21T05:04:52.507,2018-08-21T05:05:20.108
choice-moving,Surfer1@bmm,4839,325,6462,6462,653,NULL,1217344,1217344,1217344,1217463,LIMIT,SELL,1,1,2018-08-21T05:04:52.522,2018-08-21T05:08:40.587
choice-moving,Surfer1@bmm,4839,325,6462,6462,653,NULL,1217345,1217345,1217345,1217464,LIMIT,SELL,1,1,2018-08-21T05:04:53.391,2018-08-21T05:08:40.587
choice-moving,Surfer1@bmm,4839,325,6462,6462,653,NULL,1217346,1217346,1217346,1217465,LIMIT,SELL,1,1,2018-08-21T05:04:54.097,2018-08-21T05:08:40.588
choice-moving,Surfer12@bmm,4850,325,6462,6462,653,NULL,1217347,1217347,1217347,1217466,LIMIT,SELL,1,1,2018-08-21T05:04:54.217,2018-08-21T05:08:40.605
choice-moving,Surfer1@bmm,4839,325,6462,6462,653,NULL,1217348,1217348,1217348,1217467,LIMIT,SELL,1,1,2018-08-21T05:04:54.704,2018-08-21T05:08:40.628
choice-moving,Surfer16@bmm,4854,325,6462,6462,652,NULL,1217349,1217177,1217177,1217177,CANCEL,SELL,1,54,2018-08-21T05:04:54.840,2018-08-21T05:04:54.846
choice-moving,Surfer16@bmm,4854,325,6462,6462,652,NULL,1217350,1217179,1217179,1217179,CANCEL,SELL,1,53,2018-08-21T05:04:55.716,2018-08-21T05:04:55.723
choice-moving,Surfer5@bmm,4843,325,6462,6462,653,NULL,1217351,1217351,1217351,1217488,LIMIT,SELL,1,5,2018-08-21T05:04:56.014,2018-08-21T05:09:16.485
choice-moving,Surfer16@bmm,4854,325,6462,6462,652,NULL,1217352,1217352,1217352,NULL,LIMIT,SELL,1,1,2018-08-21T05:04:57.045,2018-08-21T05:04:57.048
choice-moving,Surfer2@bmm,4840,325,6462,6462,652,NULL,1217353,1217353,1217353,NULL,LIMIT,SELL,1,1,2018-08-21T05:04:57.129,2018-08-21T05:04:57.133
choice-moving,Surfer16@bmm,4854,325,6462,6462,652,NULL,1217354,1217354,1217354,NULL,LIMIT,SELL,1,1,2018-08-21T05:04:59.113,2018-08-21T05:04:59.116
choice-moving,Surfer16@bmm,4854,325,6462,6462,652,NULL,1217355,1217181,1217181,1217181,CANCEL,SELL,1,52,2018-08-21T05:05:02.529,2018-08-21T05:05:02.535
choice-moving,Surfer1@bmm,4839,325,6462,6462,653,NULL,1217356,1217356,1217356,1217363,LIMIT,BUY,1,0,2018-08-21T05:05:02.666,2018-08-21T05:05:08.332
choice-moving,Surfer16@bmm,4854,325,6462,6462,652,NULL,1217357,1217357,1217357,NULL,LIMIT,SELL,1,1,2018-08-21T05:05:03.822,2018-08-21T05:05:03.826
choice-moving,Surfer2@bmm,4840,325,6462,6462,652,NULL,1217358,1217358,1217358,NULL,LIMIT,SELL,1,1,2018-08-21T05:05:04.047,2018-08-21T05:05:04.051
choice-moving,Surfer16@bmm,4854,325,6462,6462,652,NULL,1217359,1217183,1217183,1217183,CANCEL,SELL,1,51,2018-08-21T05:05:05.457,2018-08-21T05:05:05.463
choice-moving,Surfer16@bmm,4854,325,6462,6462,652,NULL,1217360,1217360,1217360,NULL,LIMIT,SELL,1,1,2018-08-21T05:05:06.504,2018-08-21T05:05:06.507
choice-moving,Surfer17@bmm,4855,325,6462,6462,653,NULL,1217361,1217361,1217361,1217370,LIMIT,SELL,2,1,2018-08-21T05:05:06.913,2018-08-21T05:05:15.747
choice-moving,Surfer2@bmm,4840,325,6462,6462,652,NULL,1217362,1217362,1217362,1217517,LIMIT,SELL,1,1,2018-08-21T05:05:07.064,2018-08-21T05:10:44.656
choice-moving,Surfer1@bmm,4839,325,6462,6462,653,NULL,1217363,1217356,1217356,1217356,CANCEL,BUY,1,0,2018-08-21T05:05:08.325,2018-08-21T05:05:08.331
choice-moving,Surfer15@bmm,4853,325,6462,6462,653,NULL,1217364,1217364,1217364,1217394,LIMIT,SELL,1,45,2018-08-21T05:05:10.342,2018-08-21T05:05:53.745
choice-moving,Surfer10@bmm,4848,325,6462,6462,652,NULL,1217365,1217365,1217365,NULL,LIMIT,SELL,1,15,2018-08-21T05:05:10.591,2018-08-21T05:05:10.594
choice-moving,Surfer3@bmm,4841,325,6462,6462,652,NULL,1217366,1217366,1217366,1217342,LIMIT,BUY,1,0,2018-08-21T05:05:12.169,2018-08-21T05:05:12.176
choice-moving,Surfer1@bmm,4839,325,6462,6462,652,NULL,1217367,1217367,1217367,1217369,LIMIT,BUY,1,0,2018-08-21T05:05:12.623,2018-08-21T05:05:15.033
choice-moving,Surfer10@bmm,4848,325,6462,6462,652,NULL,1217368,1217368,1217368,NULL,LIMIT,SELL,1,11,2018-08-21T05:05:14.473,2018-08-21T05:05:14.476
choice-moving,Surfer1@bmm,4839,325,6462,6462,652,NULL,1217369,1217367,1217367,1217367,CANCEL,BUY,1,0,2018-08-21T05:05:15.026,2018-08-21T05:05:15.033
choice-moving,Surfer17@bmm,4855,325,6462,6462,653,NULL,1217370,1217361,1217361,1217361,CANCEL,SELL,2,1,2018-08-21T05:05:15.717,2018-08-21T05:05:15.747
choice-moving,Surfer1@bmm,4839,325,6462,6462,652,NULL,1217371,1217371,1217371,NULL,LIMIT,SELL,1,1,2018-08-21T05:05:17.683,2018-08-21T05:05:17.686
choice-moving,Surfer4@bmm,4842,325,6462,6462,653,NULL,1217372,1217372,1217372,1217506,LIMIT,BUY,1,0,2018-08-21T05:05:17.935,2018-08-21T05:10:19.835
choice-moving,Surfer3@bmm,4841,325,6462,6462,652,NULL,1217373,1217373,1217373,NULL,LIMIT,SELL,1,1,2018-08-21T05:05:18.204,2018-08-21T05:05:18.209
choice-moving,Surfer10@bmm,4848,325,6462,6462,652,NULL,1217374,1217374,1217374,NULL,LIMIT,SELL,1,11,2018-08-21T05:05:18.324,2018-08-21T05:05:18.327
choice-moving,Surfer17@bmm,4855,325,6462,6462,653,NULL,1217375,1217375,1217375,1217468,LIMIT,SELL,1,1,2018-08-21T05:05:19.276,2018-08-21T05:08:40.628
choice-moving,Surfer15@bmm,4853,325,6462,6462,651,NULL,1217376,1217343,1217343,1217343,CANCEL,SELL,1,44,2018-08-21T05:05:20.101,2018-08-21T05:05:20.107
choice-moving,Surfer15@bmm,4853,325,6462,6462,651,NULL,1217377,1217377,1217377,1217379,LIMIT,SELL,1,0,2018-08-21T05:05:20.938,2018-08-21T05:05:21.465
choice-moving,Surfer8@bmm,4846,325,6462,6462,652,NULL,1217378,1217378,1217378,NULL,LIMIT,SELL,1,21,2018-08-21T05:05:21.009,2018-08-21T05:05:21.013
choice-moving,Surfer4@bmm,4842,325,6462,6462,651,NULL,1217379,1217379,1217379,1217377,LIMIT,BUY,1,0,2018-08-21T05:05:21.458,2018-08-21T05:05:21.465
choice-moving,Surfer12@bmm,4850,325,6462,6462,650,NULL,1217380,1217380,1217380,0,LIMIT,SELL,1,34,2018-08-21T05:05:24.523,2018-08-21T05:05:24.533
choice-moving,Surfer12@bmm,4850,325,6462,6462,650,NULL,1217381,1217380,1217380,1217289,LIMIT,SELL,1,100,2018-08-21T05:05:24.529,2018-08-21T05:05:24.534
choice-moving,Surfer8@bmm,4846,325,6462,6462,652,NULL,1217382,1217277,1217277,1217277,CANCEL,SELL,1,28,2018-08-21T05:05:26.310,2018-08-21T05:05:26.316
choice-moving,Surfer5@bmm,4843,325,6462,6462,651,NULL,1217383,1217383,1217383,1217340,LIMIT,BUY,1,46,2018-08-21T05:05:27.460,2018-08-21T05:05:27.468
choice-moving,Surfer4@bmm,4842,325,6462,6462,651,NULL,1217384,1217384,1217384,NULL,LIMIT,BUY,1,0,2018-08-21T05:05:27.482,2018-08-21T05:05:27.485
choice-moving,Surfer15@bmm,4853,325,6462,6462,651,NULL,1217385,1217385,1217385,1217387,LIMIT,BUY,1,0,2018-08-21T05:05:31.560,2018-08-21T05:05:33.689
choice-moving,Surfer8@bmm,4846,325,6462,6462,652,NULL,1217386,1217386,1217386,NULL,LIMIT,SELL,1,10,2018-08-21T05:05:31.699,2018-08-21T05:05:31.704
choice-moving,Surfer15@bmm,4853,325,6462,6462,651,NULL,1217387,1217385,1217385,1217385,CANCEL,BUY,1,0,2018-08-21T05:05:33.682,2018-08-21T05:05:33.688
choice-moving,Surfer15@bmm,4853,325,6462,6462,651,NULL,1217388,1217388,1217388,1217390,LIMIT,SELL,1,45,2018-08-21T05:05:41.576,2018-08-21T05:05:44.687
choice-moving,Surfer8@bmm,4846,325,6462,6462,652,NULL,1217389,1217389,1217389,NULL,LIMIT,SELL,1,4,2018-08-21T05:05:44.527,2018-08-21T05:05:44.530
choice-moving,Surfer15@bmm,4853,325,6462,6462,651,NULL,1217390,1217388,1217388,1217388,CANCEL,SELL,1,45,2018-08-21T05:05:44.681,2018-08-21T05:05:44.687
choice-moving,Surfer15@bmm,4853,325,6462,6462,651,NULL,1217391,1217391,1217391,1217402,LIMIT,SELL,1,59,2018-08-21T05:05:48.395,2018-08-21T05:06:05.210
choice-moving,Surfer15@bmm,4853,325,6462,6462,650,NULL,1217392,1217163,1217163,1217163,CANCEL,BUY,1,51,2018-08-21T05:05:51.315,2018-08-21T05:05:51.321
choice-moving,Surfer10@bmm,4848,325,6462,6462,652,NULL,1217393,1217393,1217393,1217412,LIMIT,SELL,1,0,2018-08-21T05:05:52.766,2018-08-21T05:06:25.378
choice-moving,Surfer15@bmm,4853,325,6462,6462,653,NULL,1217394,1217364,1217364,1217364,CANCEL,SELL,1,45,2018-08-21T05:05:53.739,2018-08-21T05:05:53.745
choice-moving,Surfer15@bmm,4853,325,6462,6462,653,NULL,1217395,1217167,1217167,1217167,CANCEL,SELL,1,20,2018-08-21T05:05:54.291,2018-08-21T05:05:54.297
choice-moving,Surfer7@bmm,4845,325,6462,6462,651,NULL,1217396,1217318,1217318,1217318,CANCEL,SELL,1,74,2018-08-21T05:05:54.590,2018-08-21T05:05:54.597
choice-moving,Surfer7@bmm,4845,325,6462,6462,651,NULL,1217397,1217397,1217397,1217404,LIMIT,SELL,1,41,2018-08-21T05:05:54.892,2018-08-21T05:06:11.675
choice-moving,Surfer15@bmm,4853,325,6462,6462,653,NULL,1217398,1217208,1217208,1217208,CANCEL,SELL,1,12,2018-08-21T05:05:54.942,2018-08-21T05:05:54.948
choice-moving,Surfer10@bmm,4848,325,6462,6462,652,NULL,1217399,1217399,1217399,NULL,LIMIT,SELL,1,37,2018-08-21T05:05:55.720,2018-08-21T05:05:55.723
choice-moving,Surfer5@bmm,4843,325,6462,6462,653,NULL,1217400,1217214,1217214,1217214,CANCEL,SELL,1,100,2018-08-21T05:05:58.579,2018-08-21T05:05:58.585
choice-moving,Surfer10@bmm,4848,325,6462,6462,653,NULL,1217401,1217401,1217401,NULL,LIMIT,SELL,1,12,2018-08-21T05:06:04.368,2018-08-21T05:06:04.372
choice-moving,Surfer15@bmm,4853,325,6462,6462,651,NULL,1217402,1217391,1217391,1217391,CANCEL,SELL,1,59,2018-08-21T05:06:05.204,2018-08-21T05:06:05.210
choice-moving,Surfer15@bmm,4853,325,6462,6462,651,NULL,1217403,1217403,1217403,1217416,LIMIT,SELL,1,39,2018-08-21T05:06:05.871,2018-08-21T05:06:37.590
choice-moving,Surfer7@bmm,4845,325,6462,6462,651,NULL,1217404,1217397,1217397,1217397,CANCEL,SELL,1,41,2018-08-21T05:06:11.668,2018-08-21T05:06:11.675
choice-moving,Surfer7@bmm,4845,325,6462,6462,651,NULL,1217405,1217405,1217405,1217420,LIMIT,SELL,1,38,2018-08-21T05:06:12.340,2018-08-21T05:06:42.723
choice-moving,Surfer17@bmm,4855,325,6462,6462,651,NULL,1217406,1217406,1217406,NULL,LIMIT,SELL,1,53,2018-08-21T05:06:13.258,2018-08-21T05:06:13.261
choice-moving,Surfer17@bmm,4855,325,6462,6462,651,NULL,1217409,1217323,1217323,1217323,CANCEL,SELL,1,100,2018-08-21T05:06:18.590,2018-08-21T05:06:18.596
choice-moving,Surfer5@bmm,4843,325,6462,6462,650,NULL,1217410,1217410,1217410,1217489,LIMIT,BUY,1,1,2018-08-21T05:06:24.988,2018-08-21T05:09:19.588
choice-moving,Surfer12@bmm,4850,325,6462,6462,652,NULL,1217411,1217411,1217411,0,LIMIT,BUY,1,1,2018-08-21T05:06:25.368,2018-08-21T05:06:25.378
choice-moving,Surfer12@bmm,4850,325,6462,6462,652,NULL,1217412,1217411,1217411,1217393,LIMIT,BUY,1,0,2018-08-21T05:06:25.374,2018-08-21T05:06:25.379
choice-moving,Surfer1@bmm,4839,325,6462,6462,652,NULL,1217413,1217413,1217413,1217415,LIMIT,BUY,1,0,2018-08-21T05:06:26.358,2018-08-21T05:06:36.303
choice-moving,Surfer17@bmm,4855,325,6462,6462,653,NULL,1217414,1217414,1217414,NULL,LIMIT,SELL,1,76,2018-08-21T05:06:31.016,2018-08-21T05:06:31.019
choice-moving,Surfer1@bmm,4839,325,6462,6462,652,NULL,1217415,1217413,1217413,1217413,CANCEL,BUY,1,0,2018-08-21T05:06:36.296,2018-08-21T05:06:36.302
choice-moving,Surfer15@bmm,4853,325,6462,6462,651,NULL,1217416,1217403,1217403,1217403,CANCEL,SELL,1,39,2018-08-21T05:06:37.583,2018-08-21T05:06:37.590
choice-moving,Surfer15@bmm,4853,325,6462,6462,651,NULL,1217417,1217417,1217417,1217422,LIMIT,SELL,1,37,2018-08-21T05:06:38.274,2018-08-21T05:06:46.130
choice-moving,Surfer13@bmm,4851,325,6462,6462,651,NULL,1217418,1217418,1217418,NULL,LIMIT,SELL,1,100,2018-08-21T05:06:41.320,2018-08-21T05:06:41.323
choice-moving,Surfer10@bmm,4848,325,6462,6462,650,NULL,1217419,1217419,1217419,1217293,LIMIT,SELL,1,100,2018-08-21T05:06:42.142,2018-08-21T05:06:42.152
choice-moving,Surfer7@bmm,4845,325,6462,6462,651,NULL,1217420,1217405,1217405,1217405,CANCEL,SELL,1,38,2018-08-21T05:06:42.715,2018-08-21T05:06:42.722
choice-moving,Surfer7@bmm,4845,325,6462,6462,651,NULL,1217421,1217421,1217421,1217424,LIMIT,SELL,1,36,2018-08-21T05:06:43.385,2018-08-21T05:06:51.395
choice-moving,Surfer15@bmm,4853,325,6462,6462,651,NULL,1217422,1217417,1217417,1217417,CANCEL,SELL,1,37,2018-08-21T05:06:46.121,2018-08-21T05:06:46.130
choice-moving,Surfer15@bmm,4853,325,6462,6462,651,NULL,1217423,1217423,1217423,1217427,LIMIT,SELL,1,35,2018-08-21T05:06:47.279,2018-08-21T05:07:02.047
choice-moving,Surfer7@bmm,4845,325,6462,6462,651,NULL,1217424,1217421,1217421,1217421,CANCEL,SELL,1,36,2018-08-21T05:06:51.389,2018-08-21T05:06:51.395
choice-moving,Surfer7@bmm,4845,325,6462,6462,651,NULL,1217425,1217425,1217425,1217430,LIMIT,SELL,1,34,2018-08-21T05:06:52.130,2018-08-21T05:07:08.922
choice-moving,Surfer13@bmm,4851,325,6462,6462,651,NULL,1217426,1217426,1217426,NULL,LIMIT,SELL,1,88,2018-08-21T05:06:53.828,2018-08-21T05:06:53.832
choice-moving,Surfer15@bmm,4853,325,6462,6462,651,NULL,1217427,1217423,1217423,1217423,CANCEL,SELL,1,35,2018-08-21T05:07:02.039,2018-08-21T05:07:02.047
choice-moving,Surfer15@bmm,4853,325,6462,6462,651,NULL,1217428,1217428,1217428,1217437,LIMIT,SELL,1,33,2018-08-21T05:07:03.923,2018-08-21T05:07:34.276
choice-moving,Surfer9@bmm,4847,325,6462,6462,650,NULL,1217429,1217429,1217429,1217448,LIMIT,BUY,1,100,2018-08-21T05:07:08.764,2018-08-21T05:07:56.583
choice-moving,Surfer7@bmm,4845,325,6462,6462,651,NULL,1217430,1217425,1217425,1217425,CANCEL,SELL,1,34,2018-08-21T05:07:08.915,2018-08-21T05:07:08.921
choice-moving,Surfer7@bmm,4845,325,6462,6462,651,NULL,1217431,1217431,1217431,1217439,LIMIT,SELL,1,32,2018-08-21T05:07:09.631,2018-08-21T05:07:43.211
choice-moving,Surfer4@bmm,4842,325,6462,6462,652,NULL,1217432,1217230,1217230,1217230,CANCEL,SELL,1,3,2018-08-21T05:07:13.742,2018-08-21T05:07:13.748
choice-moving,Surfer12@bmm,4850,325,6462,6462,652,NULL,1217433,1217433,1217433,NULL,LIMIT,SELL,1,2,2018-08-21T05:07:17.582,2018-08-21T05:07:17.585
choice-moving,Surfer9@bmm,4847,325,6462,6462,653,NULL,1217434,1217434,1217434,1217469,LIMIT,SELL,1,1,2018-08-21T05:07:22.908,2018-08-21T05:08:40.628
choice-moving,Surfer13@bmm,4851,325,6462,6462,651,NULL,1217435,1217435,1217435,NULL,LIMIT,SELL,1,60,2018-08-21T05:07:28.503,2018-08-21T05:07:28.506
choice-moving,Surfer13@bmm,4851,325,6462,6462,651,NULL,1217436,1217436,1217436,NULL,LIMIT,SELL,1,60,2018-08-21T05:07:31.337,2018-08-21T05:07:31.340
choice-moving,Surfer15@bmm,4853,325,6462,6462,651,NULL,1217437,1217428,1217428,1217428,CANCEL,SELL,1,33,2018-08-21T05:07:34.269,2018-08-21T05:07:34.276
choice-moving,Surfer15@bmm,4853,325,6462,6462,651,NULL,1217438,1217438,1217438,1217441,LIMIT,SELL,1,31,2018-08-21T05:07:38.198,2018-08-21T05:07:45.633
choice-moving,Surfer7@bmm,4845,325,6462,6462,651,NULL,1217439,1217431,1217431,1217431,CANCEL,SELL,1,32,2018-08-21T05:07:43.205,2018-08-21T05:07:43.211
choice-moving,Surfer7@bmm,4845,325,6462,6462,651,NULL,1217440,1217440,1217440,1217443,LIMIT,SELL,1,30,2018-08-21T05:07:43.510,2018-08-21T05:07:52.729
choice-moving,Surfer15@bmm,4853,325,6462,6462,651,NULL,1217441,1217438,1217438,1217438,CANCEL,SELL,1,31,2018-08-21T05:07:45.627,2018-08-21T05:07:45.633
choice-moving,Surfer15@bmm,4853,325,6462,6462,651,NULL,1217442,1217442,1217442,1217447,LIMIT,SELL,1,29,2018-08-21T05:07:47.618,2018-08-21T05:07:56.154
choice-moving,Surfer7@bmm,4845,325,6462,6462,651,NULL,1217443,1217440,1217440,1217440,CANCEL,SELL,1,30,2018-08-21T05:07:52.723,2018-08-21T05:07:52.729
choice-moving,Surfer7@bmm,4845,325,6462,6462,651,NULL,1217444,1217444,1217444,1217446,LIMIT,SELL,1,25,2018-08-21T05:07:53.457,2018-08-21T05:07:53.806
choice-moving,Surfer5@bmm,4843,325,6462,6462,651,NULL,1217445,1217445,1217445,0,LIMIT,BUY,1,31,2018-08-21T05:07:53.796,2018-08-21T05:07:53.806
choice-moving,Surfer5@bmm,4843,325,6462,6462,651,NULL,1217446,1217445,1217445,1217444,LIMIT,BUY,1,25,2018-08-21T05:07:53.802,2018-08-21T05:07:53.807
choice-moving,Surfer15@bmm,4853,325,6462,6462,651,NULL,1217447,1217442,1217442,1217442,CANCEL,SELL,1,29,2018-08-21T05:07:56.147,2018-08-21T05:07:56.154
choice-moving,Surfer9@bmm,4847,325,6462,6462,650,NULL,1217448,1217429,1217429,1217429,CANCEL,BUY,1,100,2018-08-21T05:07:56.577,2018-08-21T05:07:56.583
choice-moving,Surfer15@bmm,4853,325,6462,6462,651,NULL,1217449,1217449,1217449,1217451,LIMIT,SELL,1,29,2018-08-21T05:07:58.018,2018-08-21T05:08:04.355
choice-moving,Surfer10@bmm,4848,325,6462,6462,650,NULL,1217450,1217450,1217450,NULL,LIMIT,BUY,1,1,2018-08-21T05:07:59.653,2018-08-21T05:07:59.656
choice-moving,Surfer5@bmm,4843,325,6462,6462,651,NULL,1217451,1217451,1217451,1217449,LIMIT,BUY,1,29,2018-08-21T05:08:04.330,2018-08-21T05:08:04.354
choice-moving,Surfer1@bmm,4839,325,6462,6462,651,NULL,1217452,1217452,1217452,1217454,LIMIT,SELL,1,1,2018-08-21T05:08:12.628,2018-08-21T05:08:22.644
choice-moving,Surfer17@bmm,4855,325,6462,6462,651,NULL,1217453,1217453,1217453,1217459,LIMIT,SELL,1,3,2018-08-21T05:08:19.042,2018-08-21T05:08:39.690
choice-moving,Surfer12@bmm,4850,325,6462,6462,651,NULL,1217454,1217454,1217454,1217452,LIMIT,BUY,1,1,2018-08-21T05:08:22.636,2018-08-21T05:08:22.644
choice-moving,Surfer17@bmm,4855,325,6462,6462,650,NULL,1217455,1217455,1217455,NULL,LIMIT,BUY,1,41,2018-08-21T05:08:28.899,2018-08-21T05:08:28.902
choice-moving,Surfer1@bmm,4839,325,6462,6462,651,NULL,1217456,1217456,1217456,1217457,LIMIT,SELL,1,2,2018-08-21T05:08:28.956,2018-08-21T05:08:35.447
choice-moving,Surfer5@bmm,4843,325,6462,6462,651,NULL,1217457,1217457,1217457,1217456,LIMIT,BUY,1,2,2018-08-21T05:08:35.440,2018-08-21T05:08:35.447
choice-moving,Surfer1@bmm,4839,325,6462,6462,651,NULL,1217458,1217274,1217274,1217274,CANCEL,SELL,1,100,2018-08-21T05:08:38.853,2018-08-21T05:08:38.860
choice-moving,Surfer5@bmm,4843,325,6462,6462,651,NULL,1217459,1217459,1217459,1217453,LIMIT,BUY,1,3,2018-08-21T05:08:39.681,2018-08-21T05:08:39.690
choice-moving,Surfer12@bmm,4850,325,6462,6462,653,NULL,1217460,1217460,1217460,0,LIMIT,BUY,12,1,2018-08-21T05:08:40.547,2018-08-21T05:08:40.587
choice-moving,Surfer12@bmm,4850,325,6462,6462,653,NULL,1217461,1217460,1217460,1217258,LIMIT,BUY,1,1,2018-08-21T05:08:40.555,2018-08-21T05:08:40.587
choice-moving,Surfer12@bmm,4850,325,6462,6462,653,NULL,1217462,1217460,1217460,1217321,LIMIT,BUY,4,1,2018-08-21T05:08:40.561,2018-08-21T05:08:40.587
choice-moving,Surfer12@bmm,4850,325,6462,6462,653,NULL,1217463,1217460,1217460,1217344,LIMIT,BUY,1,1,2018-08-21T05:08:40.566,2018-08-21T05:08:40.587
choice-moving,Surfer12@bmm,4850,325,6462,6462,653,NULL,1217464,1217460,1217460,1217345,LIMIT,BUY,1,1,2018-08-21T05:08:40.571,2018-08-21T05:08:40.587
choice-moving,Surfer12@bmm,4850,325,6462,6462,653,NULL,1217465,1217460,1217460,1217346,LIMIT,BUY,1,1,2018-08-21T05:08:40.577,2018-08-21T05:08:40.588
choice-moving,Surfer12@bmm,4850,325,6462,6462,653,NULL,1217466,1217460,1217460,1217347,LIMIT,BUY,1,1,2018-08-21T05:08:40.583,2018-08-21T05:08:40.588
choice-moving,Surfer12@bmm,4850,325,6462,6462,653,NULL,1217467,1217460,1217460,1217348,LIMIT,BUY,1,1,2018-08-21T05:08:40.610,2018-08-21T05:08:40.628
choice-moving,Surfer12@bmm,4850,325,6462,6462,653,NULL,1217468,1217460,1217460,1217375,LIMIT,BUY,1,1,2018-08-21T05:08:40.615,2018-08-21T05:08:40.628
choice-moving,Surfer12@bmm,4850,325,6462,6462,653,NULL,1217469,1217460,1217460,1217434,LIMIT,BUY,1,1,2018-08-21T05:08:40.624,2018-08-21T05:08:40.629
choice-moving,Surfer1@bmm,4839,325,6462,6462,651,NULL,1217470,1217470,1217470,1217476,LIMIT,SELL,1,20,2018-08-21T05:08:47.254,2018-08-21T05:09:04.414
choice-moving,Surfer7@bmm,4845,325,6462,6462,653,NULL,1217471,1217207,1217207,1217207,CANCEL,SELL,1,11,2018-08-21T05:08:49.280,2018-08-21T05:08:49.286
choice-moving,Surfer7@bmm,4845,325,6462,6462,653,NULL,1217472,1217472,1217472,NULL,LIMIT,SELL,1,1,2018-08-21T05:08:50.339,2018-08-21T05:08:50.342
choice-moving,Surfer7@bmm,4845,325,6462,6462,653,NULL,1217473,1217284,1217284,1217284,CANCEL,SELL,1,5,2018-08-21T05:08:53.733,2018-08-21T05:08:53.739
choice-moving,Surfer7@bmm,4845,325,6462,6462,653,NULL,1217474,1217474,1217474,NULL,LIMIT,SELL,1,1,2018-08-21T05:08:54.617,2018-08-21T05:08:54.620
choice-moving,Surfer15@bmm,4853,325,6462,6462,653,NULL,1217475,1217475,1217475,1217515,LIMIT,SELL,1,1,2018-08-21T05:09:01.197,2018-08-21T05:10:42.341
choice-moving,Surfer5@bmm,4843,325,6462,6462,651,NULL,1217476,1217476,1217476,1217470,LIMIT,BUY,1,20,2018-08-21T05:09:04.404,2018-08-21T05:09:04.414
choice-moving,Surfer1@bmm,4839,325,6462,6462,651,NULL,1217477,1217477,1217477,1217481,LIMIT,SELL,1,10,2018-08-21T05:09:04.524,2018-08-21T05:09:10.890
choice-moving,Surfer15@bmm,4853,325,6462,6462,653,NULL,1217478,1217478,1217478,1217513,LIMIT,SELL,1,1,2018-08-21T05:09:08.531,2018-08-21T05:10:38.001
choice-moving,Surfer15@bmm,4853,325,6462,6462,653,NULL,1217479,1217479,1217479,1217512,LIMIT,SELL,1,1,2018-08-21T05:09:09.339,2018-08-21T05:10:37.175
choice-moving,Surfer15@bmm,4853,325,6462,6462,653,NULL,1217480,1217480,1217480,1217509,LIMIT,SELL,1,1,2018-08-21T05:09:09.697,2018-08-21T05:10:36.688
choice-moving,Surfer1@bmm,4839,325,6462,6462,651,NULL,1217481,1217477,1217477,1217477,CANCEL,SELL,1,10,2018-08-21T05:09:10.883,2018-08-21T05:09:10.889
choice-moving,Surfer1@bmm,4839,325,6462,6462,651,NULL,1217487,1217487,1217487,1217490,LIMIT,SELL,1,27,2018-08-21T05:09:14.662,2018-08-21T05:09:21.593
choice-moving,Surfer5@bmm,4843,325,6462,6462,653,NULL,1217488,1217351,1217351,1217351,CANCEL,SELL,1,5,2018-08-21T05:09:16.478,2018-08-21T05:09:16.485
choice-moving,Surfer5@bmm,4843,325,6462,6462,650,NULL,1217489,1217410,1217410,1217410,CANCEL,BUY,1,1,2018-08-21T05:09:19.582,2018-08-21T05:09:19.588
choice-moving,Surfer12@bmm,4850,325,6462,6462,651,NULL,1217490,1217490,1217490,1217487,LIMIT,BUY,1,27,2018-08-21T05:09:21.586,2018-08-21T05:09:21.593
choice-moving,Surfer9@bmm,4847,325,6462,6462,651,NULL,1217491,1217287,1217287,1217287,CANCEL,SELL,1,80,2018-08-21T05:09:25.112,2018-08-21T05:09:25.118
choice-moving,Surfer9@bmm,4847,325,6462,6462,651,NULL,1217492,1217492,1217492,1217521,LIMIT,SELL,1,23,2018-08-21T05:09:34.387,2018-08-21T05:10:50.882
choice-moving,Surfer4@bmm,4842,325,6462,6462,651,NULL,1217494,1217494,1217494,1217516,LIMIT,SELL,1,30,2018-08-21T05:09:41.937,2018-08-21T05:10:43.673
choice-moving,Surfer1@bmm,4839,325,6462,6462,652,NULL,1217495,1217495,1217495,1217520,LIMIT,BUY,1,0,2018-08-21T05:09:55.603,2018-08-21T05:10:48.094
choice-moving,Surfer7@bmm,4845,325,6462,6462,650,NULL,1217496,1217271,1217271,1217271,CANCEL,BUY,1,99,2018-08-21T05:09:59.554,2018-08-21T05:09:59.561
choice-moving,Surfer7@bmm,4845,325,6462,6462,650,NULL,1217497,1217271,1217271,1217497,CANCEL,BUY,1,99,2018-08-21T05:09:59.805,2018-08-21T05:09:59.812
choice-moving,Surfer7@bmm,4845,325,6462,6462,650,NULL,1217498,1217270,1217270,1217270,CANCEL,BUY,1,99,2018-08-21T05:10:00.260,2018-08-21T05:10:00.266
choice-moving,Surfer7@bmm,4845,325,6462,6462,650,NULL,1217499,1217269,1217269,1217269,CANCEL,BUY,1,99,2018-08-21T05:10:00.846,2018-08-21T05:10:00.853
choice-moving,Surfer7@bmm,4845,325,6462,6462,650,NULL,1217500,1217268,1217268,1217268,CANCEL,BUY,1,99,2018-08-21T05:10:01.447,2018-08-21T05:10:01.456
choice-moving,Surfer7@bmm,4845,325,6462,6462,650,NULL,1217501,1217267,1217267,1217267,CANCEL,BUY,1,99,2018-08-21T05:10:02.145,2018-08-21T05:10:02.153
choice-moving,Surfer7@bmm,4845,325,6462,6462,650,NULL,1217502,1217266,1217266,1217266,CANCEL,BUY,1,99,2018-08-21T05:10:02.792,2018-08-21T05:10:02.799
choice-moving,Surfer7@bmm,4845,325,6462,6462,650,NULL,1217503,1217265,1217265,1217265,CANCEL,BUY,1,99,2018-08-21T05:10:03.644,2018-08-21T05:10:03.652
choice-moving,Surfer12@bmm,4850,325,6462,6462,651,NULL,1217504,1217504,1217504,1217505,LIMIT,SELL,1,3,2018-08-21T05:10:03.964,2018-08-21T05:10:11.706
choice-moving,Surfer5@bmm,4843,325,6462,6462,651,NULL,1217505,1217505,1217505,1217504,LIMIT,BUY,1,3,2018-08-21T05:10:11.699,2018-08-21T05:10:11.706
choice-moving,Surfer4@bmm,4842,325,6462,6462,653,NULL,1217506,1217372,1217372,1217372,CANCEL,BUY,1,0,2018-08-21T05:10:19.828,2018-08-21T05:10:19.835
choice-moving,Surfer2@bmm,4840,325,6462,6462,650,NULL,1217507,1217317,1217317,1217317,CANCEL,BUY,1,99,2018-08-21T05:10:21.789,2018-08-21T05:10:21.795
choice-moving,Surfer12@bmm,4850,325,6462,6462,651,NULL,1217508,1217508,1217508,1217514,LIMIT,SELL,1,10,2018-08-21T05:10:27.926,2018-08-21T05:10:40.641
choice-moving,Surfer15@bmm,4853,325,6462,6462,653,NULL,1217509,1217480,1217480,1217480,CANCEL,SELL,1,1,2018-08-21T05:10:36.681,2018-08-21T05:10:36.688
choice-moving,Surfer15@bmm,4853,325,6462,6462,653,NULL,1217510,1217480,1217480,1217510,CANCEL,SELL,1,1,2018-08-21T05:10:36.748,2018-08-21T05:10:36.756
choice-moving,Surfer15@bmm,4853,325,6462,6462,653,NULL,1217511,1217480,1217480,1217511,CANCEL,SELL,1,1,2018-08-21T05:10:36.775,2018-08-21T05:10:36.782
choice-moving,Surfer15@bmm,4853,325,6462,6462,653,NULL,1217512,1217479,1217479,1217479,CANCEL,SELL,1,1,2018-08-21T05:10:37.168,2018-08-21T05:10:37.175
choice-moving,Surfer15@bmm,4853,325,6462,6462,653,NULL,1217513,1217478,1217478,1217478,CANCEL,SELL,1,1,2018-08-21T05:10:37.994,2018-08-21T05:10:38.001
choice-moving,Surfer5@bmm,4843,325,6462,6462,651,NULL,1217514,1217514,1217514,1217508,LIMIT,BUY,1,10,2018-08-21T05:10:40.632,2018-08-21T05:10:40.641
choice-moving,Surfer15@bmm,4853,325,6462,6462,653,NULL,1217515,1217475,1217475,1217475,CANCEL,SELL,1,1,2018-08-21T05:10:42.335,2018-08-21T05:10:42.341
choice-moving,Surfer4@bmm,4842,325,6462,6462,651,NULL,1217516,1217494,1217494,1217494,CANCEL,SELL,1,30,2018-08-21T05:10:43.666,2018-08-21T05:10:43.673
choice-moving,Surfer2@bmm,4840,325,6462,6462,652,NULL,1217517,1217362,1217362,1217362,CANCEL,SELL,1,1,2018-08-21T05:10:44.649,2018-08-21T05:10:44.656
choice-moving,Surfer4@bmm,4842,325,6462,6462,652,NULL,1217519,1217249,1217249,1217249,CANCEL,SELL,1,1,2018-08-21T05:10:45.576,2018-08-21T05:10:45.583
choice-moving,Surfer2@bmm,4840,325,6462,6462,652,NULL,1217520,1217520,1217520,1217495,LIMIT,SELL,1,0,2018-08-21T05:10:48.086,2018-08-21T05:10:48.094
choice-moving,Surfer12@bmm,4850,325,6462,6462,651,NULL,1217521,1217521,1217521,1217492,LIMIT,BUY,1,23,2018-08-21T05:10:50.874,2018-08-21T05:10:50.882