account,email,owner,marketplace,session,period,market,target,order,original,supplier,consumer,type,side,units,price,createdDate,lastModifiedDate
choice-moving,Surfer2@bmm,4840,324,6461,6461,649,NULL,1216857,1216857,1216857,1216893,LIMIT,SELL,1,56,2018-08-21T04:53:20.152,2018-08-21T04:54:05.932
choice-moving,Surfer2@bmm,4840,324,6461,6461,649,NULL,1216858,1216858,1216858,1216898,LIMIT,SELL,1,72,2018-08-21T04:53:24.114,2018-08-21T04:54:07.653
choice-moving,Surfer4@bmm,4842,324,6461,6461,646,NULL,1216859,1216859,1216859,1216901,LIMIT,BUY,1,65,2018-08-21T04:53:27.405,2018-08-21T04:54:08.453
choice-moving,Surfer11@bmm,4849,324,6461,6461,646,NULL,1216860,1216860,1216860,1216944,LIMIT,BUY,4,65,2018-08-21T04:53:28.081,2018-08-21T04:54:52.942
choice-moving,Surfer2@bmm,4840,324,6461,6461,649,NULL,1216861,1216861,1216861,1216900,LIMIT,SELL,1,87,2018-08-21T04:53:30.584,2018-08-21T04:54:08.329
choice-moving,Surfer6@bmm,4844,324,6461,6461,646,NULL,1216862,1216862,1216862,NULL,LIMIT,BUY,1,52,2018-08-21T04:53:31.399,2018-08-21T04:53:31.402
choice-moving,Surfer4@bmm,4842,324,6461,6461,649,NULL,1216863,1216863,1216863,1216895,LIMIT,SELL,1,60,2018-08-21T04:53:31.868,2018-08-21T04:54:06.869
choice-moving,Surfer4@bmm,4842,324,6461,6461,649,NULL,1216864,1216864,1216864,1216873,LIMIT,SELL,1,30,2018-08-21T04:53:39.639,2018-08-21T04:53:50.870
choice-moving,Surfer15@bmm,4853,324,6461,6461,646,NULL,1216865,1216865,1216865,1216948,LIMIT,BUY,1,69,2018-08-21T04:53:40.619,2018-08-21T04:55:01.040
choice-moving,Surfer6@bmm,4844,324,6461,6461,647,NULL,1216866,1216866,1216866,NULL,LIMIT,BUY,1,52,2018-08-21T04:53:40.800,2018-08-21T04:53:40.804
choice-moving,Surfer9@bmm,4847,324,6461,6461,648,NULL,1216869,1216869,1216869,1217097,LIMIT,BUY,1,27,2018-08-21T04:53:48.856,2018-08-21T04:57:38.511
choice-moving,Surfer2@bmm,4840,324,6461,6461,646,NULL,1216872,1216872,1216872,1216889,LIMIT,BUY,1,50,2018-08-21T04:53:50.779,2018-08-21T04:54:01.887
choice-moving,Surfer8@bmm,4846,324,6461,6461,649,NULL,1216873,1216873,1216873,1216864,LIMIT,BUY,1,30,2018-08-21T04:53:50.862,2018-08-21T04:53:50.870
choice-moving,Surfer15@bmm,4853,324,6461,6461,648,NULL,1216875,1216875,1216875,1216982,LIMIT,BUY,1,35,2018-08-21T04:53:52.580,2018-08-21T04:55:30.070
choice-moving,Surfer7@bmm,4845,324,6461,6461,647,NULL,1216876,1216876,1216876,1216957,LIMIT,BUY,1,99,2018-08-21T04:53:53.224,2018-08-21T04:55:08.469
choice-moving,Surfer7@bmm,4845,324,6461,6461,647,NULL,1216877,1216877,1216877,1216963,LIMIT,BUY,1,99,2018-08-21T04:53:53.471,2018-08-21T04:55:15.492
choice-moving,Surfer6@bmm,4844,324,6461,6461,648,NULL,1216878,1216878,1216878,NULL,LIMIT,BUY,1,50,2018-08-21T04:53:53.803,2018-08-21T04:53:53.807
choice-moving,Surfer2@bmm,4840,324,6461,6461,646,NULL,1216879,1216879,1216879,1216882,LIMIT,BUY,1,33,2018-08-21T04:53:53.951,2018-08-21T04:53:56.394
choice-moving,Surfer13@bmm,4851,324,6461,6461,648,NULL,1216880,1216880,1216880,1216965,LIMIT,BUY,2,34,2018-08-21T04:53:55.111,2018-08-21T04:55:16.651
choice-moving,Surfer13@bmm,4851,324,6461,6461,648,NULL,1216881,1216881,1216881,1216961,LIMIT,BUY,2,63,2018-08-21T04:53:56.202,2018-08-21T04:55:13.495
choice-moving,Surfer2@bmm,4840,324,6461,6461,646,NULL,1216882,1216879,1216879,1216879,CANCEL,BUY,1,33,2018-08-21T04:53:56.387,2018-08-21T04:53:56.394
choice-moving,Surfer14@bmm,4852,324,6461,6461,646,NULL,1216883,1216883,1216883,NULL,LIMIT,BUY,1,75,2018-08-21T04:53:56.810,2018-08-21T04:53:56.814
choice-moving,Surfer11@bmm,4849,324,6461,6461,647,NULL,1216884,1216884,1216884,1217114,LIMIT,BUY,3,69,2018-08-21T04:53:58.135,2018-08-21T04:58:07.808
choice-moving,Surfer8@bmm,4846,324,6461,6461,649,NULL,1216885,1216885,1216885,1216917,LIMIT,BUY,1,30,2018-08-21T04:53:58.927,2018-08-21T04:54:25.281
choice-moving,Surfer2@bmm,4840,324,6461,6461,646,NULL,1216886,1216886,1216886,1217068,LIMIT,BUY,1,70,2018-08-21T04:54:00.514,2018-08-21T04:57:02.367
choice-moving,Surfer13@bmm,4851,324,6461,6461,648,NULL,1216888,1216888,1216888,1216962,LIMIT,BUY,2,55,2018-08-21T04:54:01.277,2018-08-21T04:55:14.980
choice-moving,Surfer2@bmm,4840,324,6461,6461,646,NULL,1216889,1216872,1216872,1216872,CANCEL,BUY,1,50,2018-08-21T04:54:01.880,2018-08-21T04:54:01.887
choice-moving,Surfer2@bmm,4840,324,6461,6461,646,NULL,1216890,1216890,1216890,1217069,LIMIT,BUY,1,81,2018-08-21T04:54:04.994,2018-08-21T04:57:03.301
choice-moving,Surfer4@bmm,4842,324,6461,6461,648,NULL,1216891,1216891,1216891,1216964,LIMIT,BUY,1,70,2018-08-21T04:54:05.229,2018-08-21T04:55:16.567
choice-moving,Surfer7@bmm,4845,324,6461,6461,649,NULL,1216892,1216892,1216892,0,LIMIT,BUY,1,90,2018-08-21T04:54:05.921,2018-08-21T04:54:05.932
choice-moving,Surfer7@bmm,4845,324,6461,6461,649,NULL,1216893,1216892,1216892,1216857,LIMIT,BUY,1,56,2018-08-21T04:54:05.928,2018-08-21T04:54:05.932
choice-moving,Surfer7@bmm,4845,324,6461,6461,649,NULL,1216894,1216894,1216894,0,LIMIT,BUY,1,90,2018-08-21T04:54:06.858,2018-08-21T04:54:06.868
choice-moving,Surfer7@bmm,4845,324,6461,6461,649,NULL,1216895,1216894,1216894,1216863,LIMIT,BUY,1,60,2018-08-21T04:54:06.865,2018-08-21T04:54:06.869
choice-moving,Surfer15@bmm,4853,324,6461,6461,646,NULL,1216896,1216896,1216896,1216991,LIMIT,BUY,1,99,2018-08-21T04:54:07.153,2018-08-21T04:55:36.158
choice-moving,Surfer7@bmm,4845,324,6461,6461,649,NULL,1216897,1216897,1216897,0,LIMIT,BUY,1,90,2018-08-21T04:54:07.642,2018-08-21T04:54:07.653
choice-moving,Surfer7@bmm,4845,324,6461,6461,649,NULL,1216898,1216897,1216897,1216858,LIMIT,BUY,1,72,2018-08-21T04:54:07.649,2018-08-21T04:54:07.653
choice-moving,Surfer7@bmm,4845,324,6461,6461,649,NULL,1216899,1216899,1216899,0,LIMIT,BUY,1,90,2018-08-21T04:54:08.318,2018-08-21T04:54:08.329
choice-moving,Surfer7@bmm,4845,324,6461,6461,649,NULL,1216900,1216899,1216899,1216861,LIMIT,BUY,1,87,2018-08-21T04:54:08.325,2018-08-21T04:54:08.329
choice-moving,Surfer4@bmm,4842,324,6461,6461,646,NULL,1216901,1216859,1216859,1216859,CANCEL,BUY,1,65,2018-08-21T04:54:08.446,2018-08-21T04:54:08.453
choice-moving,Surfer14@bmm,4852,324,6461,6461,647,NULL,1216902,1216902,1216902,1216973,LIMIT,BUY,1,99,2018-08-21T04:54:10.392,2018-08-21T04:55:21.639
choice-moving,Surfer2@bmm,4840,324,6461,6461,646,NULL,1216903,1216903,1216903,1217070,LIMIT,BUY,1,85,2018-08-21T04:54:10.582,2018-08-21T04:57:04.766
choice-moving,Surfer10@bmm,4848,324,6461,6461,646,NULL,1216904,1216904,1216904,NULL,LIMIT,BUY,1,66,2018-08-21T04:54:10.792,2018-08-21T04:54:10.795
choice-moving,Surfer5@bmm,4843,324,6461,6461,646,NULL,1216905,1216905,1216905,1217089,LIMIT,BUY,1,45,2018-08-21T04:54:11.106,2018-08-21T04:57:26.331
choice-moving,Surfer10@bmm,4848,324,6461,6461,646,NULL,1216906,1216906,1216906,NULL,LIMIT,BUY,1,66,2018-08-21T04:54:11.263,2018-08-21T04:54:11.267
choice-moving,Surfer12@bmm,4850,324,6461,6461,646,NULL,1216907,1216907,1216907,1216966,LIMIT,BUY,1,100,2018-08-21T04:54:14.146,2018-08-21T04:55:17.740
choice-moving,Surfer15@bmm,4853,324,6461,6461,648,NULL,1216908,1216908,1216908,1217149,LIMIT,BUY,1,99,2018-08-21T04:54:15.970,2018-08-21T04:59:27.201
choice-moving,Surfer9@bmm,4847,324,6461,6461,649,NULL,1216910,1216910,1216910,1216916,LIMIT,BUY,1,100,2018-08-21T04:54:18.213,2018-08-21T04:54:24.212
choice-moving,Surfer3@bmm,4841,324,6461,6461,649,NULL,1216911,1216911,1216911,1216923,LIMIT,BUY,1,31,2018-08-21T04:54:19.926,2018-08-21T04:54:30.214
choice-moving,Surfer12@bmm,4850,324,6461,6461,647,NULL,1216912,1216912,1216912,1216938,LIMIT,BUY,1,100,2018-08-21T04:54:20.240,2018-08-21T04:54:42.511
choice-moving,Surfer8@bmm,4846,324,6461,6461,649,NULL,1216913,1216913,1216913,1216932,LIMIT,BUY,1,60,2018-08-21T04:54:22.965,2018-08-21T04:54:37.717
choice-moving,Surfer10@bmm,4848,324,6461,6461,648,NULL,1216914,1216914,1216914,1216958,LIMIT,BUY,1,100,2018-08-21T04:54:23.769,2018-08-21T04:55:10.174
choice-moving,Surfer14@bmm,4852,324,6461,6461,649,NULL,1216915,1216915,1216915,0,LIMIT,SELL,1,30,2018-08-21T04:54:24.201,2018-08-21T04:54:24.212
choice-moving,Surfer14@bmm,4852,324,6461,6461,649,NULL,1216916,1216915,1216915,1216910,LIMIT,SELL,1,100,2018-08-21T04:54:24.208,2018-08-21T04:54:24.213
choice-moving,Surfer8@bmm,4846,324,6461,6461,649,NULL,1216917,1216885,1216885,1216885,CANCEL,BUY,1,30,2018-08-21T04:54:25.274,2018-08-21T04:54:25.280
choice-moving,Surfer12@bmm,4850,324,6461,6461,648,NULL,1216919,1216919,1216919,1216985,LIMIT,BUY,1,100,2018-08-21T04:54:25.879,2018-08-21T04:55:33.794
choice-moving,Surfer9@bmm,4847,324,6461,6461,647,NULL,1216920,1216920,1216920,1216954,LIMIT,BUY,1,100,2018-08-21T04:54:25.973,2018-08-21T04:55:06.779
choice-moving,Surfer5@bmm,4843,324,6461,6461,649,NULL,1216921,1216921,1216921,1216927,LIMIT,BUY,1,100,2018-08-21T04:54:29.026,2018-08-21T04:54:34.615
choice-moving,Surfer16@bmm,4854,324,6461,6461,649,NULL,1216922,1216922,1216922,1217080,LIMIT,BUY,1,85,2018-08-21T04:54:30.200,2018-08-21T04:57:16.747
choice-moving,Surfer3@bmm,4841,324,6461,6461,649,NULL,1216923,1216911,1216911,1216911,CANCEL,BUY,1,31,2018-08-21T04:54:30.207,2018-08-21T04:54:30.214
choice-moving,Surfer12@bmm,4850,324,6461,6461,649,NULL,1216924,1216924,1216924,1216947,LIMIT,BUY,1,100,2018-08-21T04:54:31.094,2018-08-21T04:55:00.027
choice-moving,Surfer16@bmm,4854,324,6461,6461,649,NULL,1216925,1216925,1216925,1217081,LIMIT,BUY,1,86,2018-08-21T04:54:33.054,2018-08-21T04:57:18.464
choice-moving,Surfer8@bmm,4846,324,6461,6461,649,NULL,1216926,1216926,1216926,NULL,LIMIT,BUY,1,86,2018-08-21T04:54:34.375,2018-08-21T04:54:34.379
choice-moving,Surfer10@bmm,4848,324,6461,6461,649,NULL,1216927,1216927,1216927,1216921,LIMIT,SELL,1,100,2018-08-21T04:54:34.607,2018-08-21T04:54:34.615
choice-moving,Surfer4@bmm,4842,324,6461,6461,649,NULL,1216928,1216928,1216928,1216937,LIMIT,BUY,1,100,2018-08-21T04:54:34.996,2018-08-21T04:54:41.296
choice-moving,Surfer16@bmm,4854,324,6461,6461,649,NULL,1216929,1216929,1216929,1217084,LIMIT,BUY,1,87,2018-08-21T04:54:35.407,2018-08-21T04:57:19.616
choice-moving,Surfer13@bmm,4851,324,6461,6461,649,NULL,1216930,1216930,1216930,1217109,LIMIT,BUY,1,85,2018-08-21T04:54:35.524,2018-08-21T04:57:53.832
choice-moving,Surfer13@bmm,4851,324,6461,6461,649,NULL,1216931,1216931,1216931,1217107,LIMIT,BUY,1,85,2018-08-21T04:54:36.530,2018-08-21T04:57:52.546
choice-moving,Surfer8@bmm,4846,324,6461,6461,649,NULL,1216932,1216913,1216913,1216913,CANCEL,BUY,1,60,2018-08-21T04:54:37.710,2018-08-21T04:54:37.717
choice-moving,Surfer16@bmm,4854,324,6461,6461,649,NULL,1216933,1216933,1216933,1217099,LIMIT,BUY,1,88,2018-08-21T04:54:37.864,2018-08-21T04:57:42.469
choice-moving,Surfer4@bmm,4842,324,6461,6461,649,NULL,1216934,1216934,1216934,1216955,LIMIT,BUY,1,98,2018-08-21T04:54:38.949,2018-08-21T04:55:08.148
choice-moving,Surfer7@bmm,4845,324,6461,6461,649,NULL,1216935,1216935,1216935,1217011,LIMIT,BUY,1,99,2018-08-21T04:54:39.910,2018-08-21T04:55:59.725
choice-moving,Surfer7@bmm,4845,324,6461,6461,649,NULL,1216936,1216936,1216936,1217007,LIMIT,BUY,1,99,2018-08-21T04:54:40.795,2018-08-21T04:55:55.188
choice-moving,Surfer4@bmm,4842,324,6461,6461,649,NULL,1216937,1216928,1216928,1216928,CANCEL,BUY,1,100,2018-08-21T04:54:41.289,2018-08-21T04:54:41.295
choice-moving,Surfer10@bmm,4848,324,6461,6461,647,NULL,1216938,1216938,1216938,1216912,LIMIT,SELL,1,100,2018-08-21T04:54:42.502,2018-08-21T04:54:42.510
choice-moving,Surfer7@bmm,4845,324,6461,6461,649,NULL,1216939,1216939,1216939,1216995,LIMIT,BUY,1,99,2018-08-21T04:54:43.540,2018-08-21T04:55:43.966
choice-moving,Surfer16@bmm,4854,324,6461,6461,649,NULL,1216940,1216940,1216940,1217100,LIMIT,BUY,1,91,2018-08-21T04:54:46.295,2018-08-21T04:57:43.403
choice-moving,Surfer15@bmm,4853,324,6461,6461,649,NULL,1216941,1216941,1216941,1216996,LIMIT,BUY,1,99,2018-08-21T04:54:46.910,2018-08-21T04:55:44.011
choice-moving,Surfer3@bmm,4841,324,6461,6461,649,NULL,1216942,1216942,1216942,0,LIMIT,BUY,5,99,2018-08-21T04:54:48.759,2018-08-21T04:57:10.022
choice-moving,Surfer8@bmm,4846,324,6461,6461,647,NULL,1216943,1216943,1216943,NULL,LIMIT,BUY,1,65,2018-08-21T04:54:51.433,2018-08-21T04:54:51.436
choice-moving,Surfer11@bmm,4849,324,6461,6461,646,NULL,1216944,1216860,1216860,1216860,CANCEL,BUY,4,65,2018-08-21T04:54:52.935,2018-08-21T04:54:52.942
choice-moving,Surfer5@bmm,4843,324,6461,6461,647,NULL,1216945,1216945,1216945,1217145,LIMIT,BUY,1,10,2018-08-21T04:54:55.694,2018-08-21T04:59:11.968
choice-moving,Surfer8@bmm,4846,324,6461,6461,648,NULL,1216946,1216946,1216946,NULL,LIMIT,BUY,1,69,2018-08-21T04:54:58.678,2018-08-21T04:54:58.681
choice-moving,Surfer9@bmm,4847,324,6461,6461,649,NULL,1216947,1216947,1216947,1216924,LIMIT,SELL,1,100,2018-08-21T04:55:00.020,2018-08-21T04:55:00.027
choice-moving,Surfer15@bmm,4853,324,6461,6461,646,NULL,1216948,1216865,1216865,1216865,CANCEL,BUY,1,69,2018-08-21T04:55:01.025,2018-08-21T04:55:01.040
choice-moving,Surfer5@bmm,4843,324,6461,6461,648,NULL,1216949,1216949,1216949,1217146,LIMIT,BUY,1,5,2018-08-21T04:55:02.965,2018-08-21T04:59:13.873
choice-moving,Surfer10@bmm,4848,324,6461,6461,648,NULL,1216951,1216951,1216951,NULL,LIMIT,BUY,1,24,2018-08-21T04:55:05.599,2018-08-21T04:55:05.605
choice-moving,Surfer4@bmm,4842,324,6461,6461,649,NULL,1216952,1216952,1216952,1217113,LIMIT,BUY,1,99,2018-08-21T04:55:06.529,2018-08-21T04:58:05.861
choice-moving,Surfer14@bmm,4852,324,6461,6461,647,NULL,1216953,1216953,1216953,0,LIMIT,SELL,1,10,2018-08-21T04:55:06.763,2018-08-21T04:55:06.779
choice-moving,Surfer14@bmm,4852,324,6461,6461,647,NULL,1216954,1216953,1216953,1216920,LIMIT,SELL,1,100,2018-08-21T04:55:06.772,2018-08-21T04:55:06.779
choice-moving,Surfer4@bmm,4842,324,6461,6461,649,NULL,1216955,1216934,1216934,1216934,CANCEL,BUY,1,98,2018-08-21T04:55:08.141,2018-08-21T04:55:08.148
choice-moving,Surfer14@bmm,4852,324,6461,6461,647,NULL,1216956,1216956,1216956,0,LIMIT,SELL,1,10,2018-08-21T04:55:08.455,2018-08-21T04:55:08.469
choice-moving,Surfer14@bmm,4852,324,6461,6461,647,NULL,1216957,1216956,1216956,1216876,LIMIT,SELL,1,99,2018-08-21T04:55:08.464,2018-08-21T04:55:08.469
choice-moving,Surfer9@bmm,4847,324,6461,6461,648,NULL,1216958,1216958,1216958,1216914,LIMIT,SELL,1,100,2018-08-21T04:55:10.166,2018-08-21T04:55:10.174
choice-moving,Surfer10@bmm,4848,324,6461,6461,646,NULL,1216959,1216959,1216959,NULL,LIMIT,BUY,1,12,2018-08-21T04:55:11.412,2018-08-21T04:55:11.415
choice-moving,Surfer6@bmm,4844,324,6461,6461,649,NULL,1216960,1216960,1216960,NULL,LIMIT,BUY,1,81,2018-08-21T04:55:12.941,2018-08-21T04:55:12.944
choice-moving,Surfer13@bmm,4851,324,6461,6461,648,NULL,1216961,1216881,1216881,1216881,CANCEL,BUY,2,63,2018-08-21T04:55:13.489,2018-08-21T04:55:13.495
choice-moving,Surfer13@bmm,4851,324,6461,6461,648,NULL,1216962,1216888,1216888,1216888,CANCEL,BUY,2,55,2018-08-21T04:55:14.974,2018-08-21T04:55:14.980
choice-moving,Surfer16@bmm,4854,324,6461,6461,647,NULL,1216963,1216963,1216963,1216877,LIMIT,SELL,1,99,2018-08-21T04:55:15.485,2018-08-21T04:55:15.492
choice-moving,Surfer4@bmm,4842,324,6461,6461,648,NULL,1216964,1216891,1216891,1216891,CANCEL,BUY,1,70,2018-08-21T04:55:16.558,2018-08-21T04:55:16.567
choice-moving,Surfer13@bmm,4851,324,6461,6461,648,NULL,1216965,1216880,1216880,1216880,CANCEL,BUY,2,34,2018-08-21T04:55:16.643,2018-08-21T04:55:16.651
choice-moving,Surfer9@bmm,4847,324,6461,6461,646,NULL,1216966,1216966,1216966,1216907,LIMIT,SELL,1,100,2018-08-21T04:55:17.733,2018-08-21T04:55:17.740
choice-moving,Surfer15@bmm,4853,324,6461,6461,647,NULL,1216967,1216967,1216967,1216981,LIMIT,BUY,1,99,2018-08-21T04:55:18.475,2018-08-21T04:55:29.357
choice-moving,Surfer5@bmm,4843,324,6461,6461,646,NULL,1216968,1216968,1216968,1217143,LIMIT,BUY,1,5,2018-08-21T04:55:18.938,2018-08-21T04:59:09.837
choice-moving,Surfer1@bmm,4839,324,6461,6461,646,NULL,1216969,1216969,1216969,1216975,LIMIT,SELL,1,100,2018-08-21T04:55:19.094,2018-08-21T04:55:22.115
choice-moving,Surfer15@bmm,4853,324,6461,6461,647,NULL,1216970,1216970,1216970,1216987,LIMIT,BUY,1,99,2018-08-21T04:55:19.886,2018-08-21T04:55:33.857
choice-moving,Surfer15@bmm,4853,324,6461,6461,647,NULL,1216971,1216971,1216971,1216993,LIMIT,BUY,1,99,2018-08-21T04:55:20.610,2018-08-21T04:55:37.594
choice-moving,Surfer12@bmm,4850,324,6461,6461,647,NULL,1216972,1216972,1216972,0,LIMIT,SELL,1,20,2018-08-21T04:55:21.627,2018-08-21T04:55:21.639
choice-moving,Surfer12@bmm,4850,324,6461,6461,647,NULL,1216973,1216972,1216972,1216902,LIMIT,SELL,1,99,2018-08-21T04:55:21.635,2018-08-21T04:55:21.639
choice-moving,Surfer16@bmm,4854,324,6461,6461,647,NULL,1216974,1216974,1216974,1217035,LIMIT,BUY,1,99,2018-08-21T04:55:22.099,2018-08-21T04:56:17.491
choice-moving,Surfer1@bmm,4839,324,6461,6461,646,NULL,1216975,1216969,1216969,1216969,CANCEL,SELL,1,100,2018-08-21T04:55:22.107,2018-08-21T04:55:22.115
choice-moving,Surfer4@bmm,4842,324,6461,6461,648,NULL,1216976,1216976,1216976,1217156,LIMIT,BUY,1,99,2018-08-21T04:55:22.325,2018-08-21T04:59:33.363
choice-moving,Surfer13@bmm,4851,324,6461,6461,648,NULL,1216977,1216977,1216977,NULL,LIMIT,BUY,1,99,2018-08-21T04:55:23.443,2018-08-21T04:55:23.446
choice-moving,Surfer3@bmm,4841,324,6461,6461,647,NULL,1216978,1216978,1216978,0,LIMIT,BUY,2,99,2018-08-21T04:55:26.457,2018-08-21T04:56:31.134
choice-moving,Surfer16@bmm,4854,324,6461,6461,647,NULL,1216979,1216979,1216979,1217103,LIMIT,BUY,1,99,2018-08-21T04:55:28.094,2018-08-21T04:57:48.180
choice-moving,Surfer14@bmm,4852,324,6461,6461,647,NULL,1216980,1216980,1216980,0,LIMIT,SELL,1,10,2018-08-21T04:55:29.345,2018-08-21T04:55:29.357
choice-moving,Surfer14@bmm,4852,324,6461,6461,647,NULL,1216981,1216980,1216980,1216967,LIMIT,SELL,1,99,2018-08-21T04:55:29.353,2018-08-21T04:55:29.358
choice-moving,Surfer15@bmm,4853,324,6461,6461,648,NULL,1216982,1216875,1216875,1216875,CANCEL,BUY,1,35,2018-08-21T04:55:30.063,2018-08-21T04:55:30.069
choice-moving,Surfer8@bmm,4846,324,6461,6461,649,NULL,1216983,1216983,1216983,1217112,LIMIT,BUY,1,66,2018-08-21T04:55:30.745,2018-08-21T04:58:05.745
choice-moving,Surfer16@bmm,4854,324,6461,6461,646,NULL,1216984,1216984,1216984,1217055,LIMIT,BUY,1,99,2018-08-21T04:55:32.614,2018-08-21T04:56:36.616
choice-moving,Surfer1@bmm,4839,324,6461,6461,648,NULL,1216985,1216985,1216985,1216919,LIMIT,SELL,1,100,2018-08-21T04:55:33.787,2018-08-21T04:55:33.793
choice-moving,Surfer14@bmm,4852,324,6461,6461,647,NULL,1216986,1216986,1216986,0,LIMIT,SELL,1,10,2018-08-21T04:55:33.846,2018-08-21T04:55:33.857
choice-moving,Surfer14@bmm,4852,324,6461,6461,647,NULL,1216987,1216986,1216986,1216970,LIMIT,SELL,1,99,2018-08-21T04:55:33.853,2018-08-21T04:55:33.857
choice-moving,Surfer13@bmm,4851,324,6461,6461,646,NULL,1216988,1216988,1216988,1217102,LIMIT,BUY,1,0,2018-08-21T04:55:34.568,2018-08-21T04:57:47.378
choice-moving,Surfer16@bmm,4854,324,6461,6461,646,NULL,1216989,1216989,1216989,1217124,LIMIT,BUY,1,99,2018-08-21T04:55:35.829,2018-08-21T04:58:25.575
choice-moving,Surfer12@bmm,4850,324,6461,6461,646,NULL,1216990,1216990,1216990,0,LIMIT,SELL,1,55,2018-08-21T04:55:36.148,2018-08-21T04:55:36.158
choice-moving,Surfer12@bmm,4850,324,6461,6461,646,NULL,1216991,1216990,1216990,1216896,LIMIT,SELL,1,99,2018-08-21T04:55:36.154,2018-08-21T04:55:36.158
choice-moving,Surfer14@bmm,4852,324,6461,6461,647,NULL,1216992,1216992,1216992,0,LIMIT,SELL,1,10,2018-08-21T04:55:37.584,2018-08-21T04:55:37.594
choice-moving,Surfer14@bmm,4852,324,6461,6461,647,NULL,1216993,1216992,1216992,1216971,LIMIT,SELL,1,99,2018-08-21T04:55:37.590,2018-08-21T04:55:37.595
choice-moving,Surfer4@bmm,4842,324,6461,6461,647,NULL,1216994,1216994,1216994,1217010,LIMIT,SELL,1,100,2018-08-21T04:55:39.753,2018-08-21T04:55:56.399
choice-moving,Surfer7@bmm,4845,324,6461,6461,649,NULL,1216995,1216939,1216939,1216939,CANCEL,BUY,1,99,2018-08-21T04:55:43.959,2018-08-21T04:55:43.965
choice-moving,Surfer15@bmm,4853,324,6461,6461,649,NULL,1216996,1216941,1216941,1216941,CANCEL,BUY,1,99,2018-08-21T04:55:44.004,2018-08-21T04:55:44.011
choice-moving,Surfer7@bmm,4845,324,6461,6461,648,NULL,1216997,1216997,1216997,NULL,LIMIT,BUY,1,99,2018-08-21T04:55:44.216,2018-08-21T04:55:44.221
choice-moving,Surfer10@bmm,4848,324,6461,6461,646,NULL,1216999,1216999,1216999,NULL,LIMIT,BUY,1,25,2018-08-21T04:55:46.907,2018-08-21T04:55:46.910
choice-moving,Surfer3@bmm,4841,324,6461,6461,646,NULL,1217000,1217000,1217000,1217006,LIMIT,BUY,1,99,2018-08-21T04:55:47.109,2018-08-21T04:55:55.084
choice-moving,Surfer15@bmm,4853,324,6461,6461,646,NULL,1217002,1217002,1217002,1217059,LIMIT,BUY,2,99,2018-08-21T04:55:48.396,2018-08-21T04:56:42.805
choice-moving,Surfer10@bmm,4848,324,6461,6461,646,NULL,1217003,1217003,1217003,NULL,LIMIT,BUY,1,20,2018-08-21T04:55:50.589,2018-08-21T04:55:50.592
choice-moving,Surfer17@bmm,4855,324,6461,6461,647,NULL,1217004,1217004,1217004,NULL,LIMIT,BUY,1,75,2018-08-21T04:55:52.012,2018-08-21T04:55:52.015
choice-moving,Surfer8@bmm,4846,324,6461,6461,646,NULL,1217005,1217005,1217005,NULL,LIMIT,BUY,1,83,2018-08-21T04:55:53.691,2018-08-21T04:55:53.694
choice-moving,Surfer3@bmm,4841,324,6461,6461,646,NULL,1217006,1217000,1217000,1217000,CANCEL,BUY,1,99,2018-08-21T04:55:55.078,2018-08-21T04:55:55.084
choice-moving,Surfer7@bmm,4845,324,6461,6461,649,NULL,1217007,1216936,1216936,1216936,CANCEL,BUY,1,99,2018-08-21T04:55:55.180,2018-08-21T04:55:55.188
choice-moving,Surfer12@bmm,4850,324,6461,6461,646,NULL,1217008,1217008,1217008,1217012,LIMIT,BUY,1,0,2018-08-21T04:55:55.704,2018-08-21T04:56:01.899
choice-moving,Surfer7@bmm,4845,324,6461,6461,647,NULL,1217009,1217009,1217009,NULL,LIMIT,BUY,1,99,2018-08-21T04:55:56.068,2018-08-21T04:55:56.072
choice-moving,Surfer5@bmm,4843,324,6461,6461,647,NULL,1217010,1217010,1217010,1216994,LIMIT,BUY,1,100,2018-08-21T04:55:56.390,2018-08-21T04:55:56.399
choice-moving,Surfer14@bmm,4852,324,6461,6461,649,NULL,1217011,1217011,1217011,1216935,LIMIT,SELL,1,99,2018-08-21T04:55:59.718,2018-08-21T04:55:59.725
choice-moving,Surfer12@bmm,4850,324,6461,6461,646,NULL,1217012,1217008,1217008,1217008,CANCEL,BUY,1,0,2018-08-21T04:56:01.892,2018-08-21T04:56:01.899
choice-moving,Surfer9@bmm,4847,324,6461,6461,646,NULL,1217013,1217013,1217013,1217025,LIMIT,BUY,1,100,2018-08-21T04:56:02.570,2018-08-21T04:56:11.246
choice-moving,Surfer4@bmm,4842,324,6461,6461,649,NULL,1217014,1217014,1217014,1217028,LIMIT,BUY,1,100,2018-08-21T04:56:03.509,2018-08-21T04:56:12.847
choice-moving,Surfer8@bmm,4846,324,6461,6461,647,NULL,1217015,1217015,1217015,NULL,LIMIT,BUY,1,84,2018-08-21T04:56:05.822,2018-08-21T04:56:05.825
choice-moving,Surfer3@bmm,4841,324,6461,6461,648,NULL,1217016,1217016,1217016,NULL,LIMIT,BUY,1,99,2018-08-21T04:56:06.245,2018-08-21T04:56:06.248
choice-moving,Surfer2@bmm,4840,324,6461,6461,649,NULL,1217017,1217017,1217017,1217116,LIMIT,BUY,1,99,2018-08-21T04:56:07.059,2018-08-21T04:58:08.984
choice-moving,Surfer1@bmm,4839,324,6461,6461,646,NULL,1217025,1217025,1217025,1217013,LIMIT,SELL,1,100,2018-08-21T04:56:11.239,2018-08-21T04:56:11.246
choice-moving,Surfer2@bmm,4840,324,6461,6461,649,NULL,1217026,1217026,1217026,1217040,LIMIT,BUY,1,100,2018-08-21T04:56:12.359,2018-08-21T04:56:19.033
choice-moving,Surfer14@bmm,4852,324,6461,6461,649,NULL,1217027,1217027,1217027,0,LIMIT,SELL,1,99,2018-08-21T04:56:12.836,2018-08-21T04:56:12.847
choice-moving,Surfer14@bmm,4852,324,6461,6461,649,NULL,1217028,1217027,1217027,1217014,LIMIT,SELL,1,100,2018-08-21T04:56:12.843,2018-08-21T04:56:12.848
choice-moving,Surfer9@bmm,4847,324,6461,6461,647,NULL,1217035,1217035,1217035,1216974,LIMIT,SELL,1,99,2018-08-21T04:56:17.482,2018-08-21T04:56:17.491
choice-moving,Surfer12@bmm,4850,324,6461,6461,646,NULL,1217038,1217038,1217038,NULL,LIMIT,BUY,1,98,2018-08-21T04:56:18.816,2018-08-21T04:56:18.819
choice-moving,Surfer10@bmm,4848,324,6461,6461,649,NULL,1217039,1217039,1217039,0,LIMIT,SELL,1,91,2018-08-21T04:56:19.021,2018-08-21T04:56:19.033
choice-moving,Surfer10@bmm,4848,324,6461,6461,649,NULL,1217040,1217039,1217039,1217026,LIMIT,SELL,1,100,2018-08-21T04:56:19.029,2018-08-21T04:56:19.033
choice-moving,Surfer13@bmm,4851,324,6461,6461,649,NULL,1217041,1217041,1217041,1217043,LIMIT,BUY,1,100,2018-08-21T04:56:21.495,2018-08-21T04:56:26.776
choice-moving,Surfer15@bmm,4853,324,6461,6461,647,NULL,1217042,1217042,1217042,1217044,LIMIT,BUY,1,0,2018-08-21T04:56:24.647,2018-08-21T04:56:26.861
choice-moving,Surfer13@bmm,4851,324,6461,6461,649,NULL,1217043,1217041,1217041,1217041,CANCEL,BUY,1,100,2018-08-21T04:56:26.770,2018-08-21T04:56:26.776
choice-moving,Surfer15@bmm,4853,324,6461,6461,647,NULL,1217044,1217042,1217042,1217042,CANCEL,BUY,1,0,2018-08-21T04:56:26.855,2018-08-21T04:56:26.861
choice-moving,Surfer2@bmm,4840,324,6461,6461,649,NULL,1217045,1217045,1217045,1217118,LIMIT,BUY,1,99,2018-08-21T04:56:28.642,2018-08-21T04:58:16.923
choice-moving,Surfer12@bmm,4850,324,6461,6461,647,NULL,1217046,1217046,1217046,0,LIMIT,SELL,1,10,2018-08-21T04:56:31.110,2018-08-21T04:56:31.129
choice-moving,Surfer12@bmm,4850,324,6461,6461,647,NULL,1217047,1217046,1217046,1217048,LIMIT,SELL,1,99,2018-08-21T04:56:31.118,2018-08-21T04:56:31.134
choice-moving,Surfer3@bmm,4841,324,6461,6461,647,NULL,1217048,1216978,1216978,1217047,LIMIT,BUY,1,99,2018-08-21T04:56:31.121,2018-08-21T04:56:31.134
choice-moving,Surfer3@bmm,4841,324,6461,6461,647,NULL,1217049,1216978,1216978,1217066,LIMIT,BUY,1,99,2018-08-21T04:55:26.457,2018-08-21T04:56:51.504
choice-moving,Surfer13@bmm,4851,324,6461,6461,649,NULL,1217050,1217050,1217050,NULL,LIMIT,BUY,1,99,2018-08-21T04:56:31.242,2018-08-21T04:56:31.245
choice-moving,Surfer5@bmm,4843,324,6461,6461,649,NULL,1217051,1217051,1217051,1217054,LIMIT,BUY,1,100,2018-08-21T04:56:32.669,2018-08-21T04:56:36.274
choice-moving,Surfer1@bmm,4839,324,6461,6461,646,NULL,1217052,1217052,1217052,NULL,LIMIT,BUY,1,99,2018-08-21T04:56:33.448,2018-08-21T04:56:33.451
choice-moving,Surfer4@bmm,4842,324,6461,6461,647,NULL,1217053,1217053,1217053,1217060,LIMIT,SELL,1,100,2018-08-21T04:56:34.353,2018-08-21T04:56:42.838
choice-moving,Surfer14@bmm,4852,324,6461,6461,649,NULL,1217054,1217054,1217054,1217051,LIMIT,SELL,1,100,2018-08-21T04:56:36.266,2018-08-21T04:56:36.274
choice-moving,Surfer9@bmm,4847,324,6461,6461,646,NULL,1217055,1217055,1217055,1216984,LIMIT,SELL,1,99,2018-08-21T04:56:36.609,2018-08-21T04:56:36.616
choice-moving,Surfer2@bmm,4840,324,6461,6461,647,NULL,1217056,1217056,1217056,NULL,LIMIT,BUY,1,99,2018-08-21T04:56:36.839,2018-08-21T04:56:36.842
choice-moving,Surfer15@bmm,4853,324,6461,6461,647,NULL,1217057,1217057,1217057,1217152,LIMIT,BUY,1,99,2018-08-21T04:56:37.068,2018-08-21T04:59:28.937
choice-moving,Surfer1@bmm,4839,324,6461,6461,647,NULL,1217058,1217058,1217058,NULL,LIMIT,BUY,1,99,2018-08-21T04:56:42.230,2018-08-21T04:56:42.233
choice-moving,Surfer15@bmm,4853,324,6461,6461,646,NULL,1217059,1217002,1217002,1217002,CANCEL,BUY,2,99,2018-08-21T04:56:42.798,2018-08-21T04:56:42.805
choice-moving,Surfer5@bmm,4843,324,6461,6461,647,NULL,1217060,1217060,1217060,1217053,LIMIT,BUY,1,100,2018-08-21T04:56:42.830,2018-08-21T04:56:42.837
choice-moving,Surfer4@bmm,4842,324,6461,6461,648,NULL,1217061,1217061,1217061,1217063,LIMIT,BUY,1,100,2018-08-21T04:56:44.142,2018-08-21T04:56:45.539
choice-moving,Surfer17@bmm,4855,324,6461,6461,648,NULL,1217062,1217062,1217062,0,LIMIT,SELL,1,99,2018-08-21T04:56:45.528,2018-08-21T04:56:45.539
choice-moving,Surfer17@bmm,4855,324,6461,6461,648,NULL,1217063,1217062,1217062,1217061,LIMIT,SELL,1,100,2018-08-21T04:56:45.535,2018-08-21T04:56:45.539
choice-moving,Surfer1@bmm,4839,324,6461,6461,648,NULL,1217064,1217064,1217064,NULL,LIMIT,BUY,1,99,2018-08-21T04:56:49.582,2018-08-21T04:56:49.585
choice-moving,Surfer15@bmm,4853,324,6461,6461,646,NULL,1217065,1217065,1217065,1217151,LIMIT,BUY,1,99,2018-08-21T04:56:50.606,2018-08-21T04:59:28.111
choice-moving,Surfer12@bmm,4850,324,6461,6461,647,NULL,1217066,1217066,1217066,1217049,LIMIT,SELL,1,99,2018-08-21T04:56:51.496,2018-08-21T04:56:51.504
choice-moving,Surfer15@bmm,4853,324,6461,6461,649,NULL,1217067,1217067,1217067,1217148,LIMIT,BUY,1,99,2018-08-21T04:56:58.532,2018-08-21T04:59:26.942
choice-moving,Surfer2@bmm,4840,324,6461,6461,646,NULL,1217068,1216886,1216886,1216886,CANCEL,BUY,1,70,2018-08-21T04:57:02.361,2018-08-21T04:57:02.367
choice-moving,Surfer2@bmm,4840,324,6461,6461,646,NULL,1217069,1216890,1216890,1216890,CANCEL,BUY,1,81,2018-08-21T04:57:03.295,2018-08-21T04:57:03.301
choice-moving,Surfer2@bmm,4840,324,6461,6461,646,NULL,1217070,1216903,1216903,1216903,CANCEL,BUY,1,85,2018-08-21T04:57:04.760,2018-08-21T04:57:04.766
choice-moving,Surfer10@bmm,4848,324,6461,6461,649,NULL,1217071,1217071,1217071,NULL,LIMIT,BUY,1,9,2018-08-21T04:57:04.937,2018-08-21T04:57:04.940
choice-moving,Surfer2@bmm,4840,324,6461,6461,646,NULL,1217072,1217072,1217072,1217128,LIMIT,BUY,1,99,2018-08-21T04:57:09.581,2018-08-21T04:58:33.271
choice-moving,Surfer12@bmm,4850,324,6461,6461,649,NULL,1217073,1217073,1217073,1217074,LIMIT,SELL,1,99,2018-08-21T04:57:10.002,2018-08-21T04:57:10.022
choice-moving,Surfer3@bmm,4841,324,6461,6461,649,NULL,1217074,1216942,1216942,1217073,LIMIT,BUY,1,99,2018-08-21T04:57:10.015,2018-08-21T04:57:10.022
choice-moving,Surfer3@bmm,4841,324,6461,6461,649,NULL,1217075,1216942,1216942,1217083,LIMIT,BUY,4,99,2018-08-21T04:54:48.759,2018-08-21T04:57:18.993
choice-moving,Surfer4@bmm,4842,324,6461,6461,649,NULL,1217076,1217076,1217076,1217082,LIMIT,SELL,1,100,2018-08-21T04:57:10.067,2018-08-21T04:57:18.935
choice-moving,Surfer2@bmm,4840,324,6461,6461,646,NULL,1217077,1217077,1217077,1217079,LIMIT,BUY,1,100,2018-08-21T04:57:12.486,2018-08-21T04:57:13.242
choice-moving,Surfer9@bmm,4847,324,6461,6461,646,NULL,1217078,1217078,1217078,0,LIMIT,SELL,1,99,2018-08-21T04:57:13.231,2018-08-21T04:57:13.242
choice-moving,Surfer9@bmm,4847,324,6461,6461,646,NULL,1217079,1217078,1217078,1217077,LIMIT,SELL,1,100,2018-08-21T04:57:13.237,2018-08-21T04:57:13.242
choice-moving,Surfer16@bmm,4854,324,6461,6461,649,NULL,1217080,1216922,1216922,1216922,CANCEL,BUY,1,85,2018-08-21T04:57:16.741,2018-08-21T04:57:16.747
choice-moving,Surfer16@bmm,4854,324,6461,6461,649,NULL,1217081,1216925,1216925,1216925,CANCEL,BUY,1,86,2018-08-21T04:57:18.458,2018-08-21T04:57:18.464
choice-moving,Surfer5@bmm,4843,324,6461,6461,649,NULL,1217082,1217082,1217082,1217076,LIMIT,BUY,1,100,2018-08-21T04:57:18.928,2018-08-21T04:57:18.935
choice-moving,Surfer3@bmm,4841,324,6461,6461,649,NULL,1217083,1216942,1216942,1217075,CANCEL,BUY,4,99,2018-08-21T04:57:18.987,2018-08-21T04:57:18.993
choice-moving,Surfer16@bmm,4854,324,6461,6461,649,NULL,1217084,1216929,1216929,1216929,CANCEL,BUY,1,87,2018-08-21T04:57:19.609,2018-08-21T04:57:19.616
choice-moving,Surfer4@bmm,4842,324,6461,6461,648,NULL,1217085,1217085,1217085,1217095,LIMIT,BUY,1,100,2018-08-21T04:57:22.013,2018-08-21T04:57:32.765
choice-moving,Surfer2@bmm,4840,324,6461,6461,647,NULL,1217086,1217086,1217086,1217122,LIMIT,BUY,1,99,2018-08-21T04:57:22.064,2018-08-21T04:58:20.334
choice-moving,Surfer9@bmm,4847,324,6461,6461,647,NULL,1217087,1217087,1217087,NULL,LIMIT,BUY,1,99,2018-08-21T04:57:23.503,2018-08-21T04:57:23.506
choice-moving,Surfer2@bmm,4840,324,6461,6461,647,NULL,1217088,1217088,1217088,1217093,LIMIT,BUY,1,100,2018-08-21T04:57:24.140,2018-08-21T04:57:31.731
choice-moving,Surfer5@bmm,4843,324,6461,6461,646,NULL,1217089,1216905,1216905,1216905,CANCEL,BUY,1,45,2018-08-21T04:57:26.325,2018-08-21T04:57:26.331
choice-moving,Surfer2@bmm,4840,324,6461,6461,647,NULL,1217090,1217090,1217090,1217121,LIMIT,BUY,1,99,2018-08-21T04:57:26.782,2018-08-21T04:58:19.747
choice-moving,Surfer3@bmm,4841,324,6461,6461,649,NULL,1217091,1217091,1217091,NULL,LIMIT,BUY,3,99,2018-08-21T04:57:29.351,2018-08-21T04:57:29.355
choice-moving,Surfer16@bmm,4854,324,6461,6461,649,NULL,1217092,1217092,1217092,NULL,LIMIT,BUY,1,99,2018-08-21T04:57:29.717,2018-08-21T04:57:29.720
choice-moving,Surfer10@bmm,4848,324,6461,6461,647,NULL,1217093,1217093,1217093,1217088,LIMIT,SELL,1,100,2018-08-21T04:57:31.722,2018-08-21T04:57:31.731
choice-moving,Surfer17@bmm,4855,324,6461,6461,646,NULL,1217094,1217094,1217094,1217101,LIMIT,SELL,1,100,2018-08-21T04:57:32.530,2018-08-21T04:57:43.556
choice-moving,Surfer1@bmm,4839,324,6461,6461,648,NULL,1217095,1217095,1217095,1217085,LIMIT,SELL,1,100,2018-08-21T04:57:32.758,2018-08-21T04:57:32.765
choice-moving,Surfer16@bmm,4854,324,6461,6461,649,NULL,1217096,1217096,1217096,NULL,LIMIT,BUY,1,99,2018-08-21T04:57:33.376,2018-08-21T04:57:33.379
choice-moving,Surfer9@bmm,4847,324,6461,6461,648,NULL,1217097,1216869,1216869,1216869,CANCEL,BUY,1,27,2018-08-21T04:57:38.504,2018-08-21T04:57:38.510
choice-moving,Surfer16@bmm,4854,324,6461,6461,648,NULL,1217098,1217098,1217098,NULL,LIMIT,BUY,1,99,2018-08-21T04:57:38.831,2018-08-21T04:57:38.835
choice-moving,Surfer16@bmm,4854,324,6461,6461,649,NULL,1217099,1216933,1216933,1216933,CANCEL,BUY,1,88,2018-08-21T04:57:42.462,2018-08-21T04:57:42.469
choice-moving,Surfer16@bmm,4854,324,6461,6461,649,NULL,1217100,1216940,1216940,1216940,CANCEL,BUY,1,91,2018-08-21T04:57:43.396,2018-08-21T04:57:43.402
choice-moving,Surfer4@bmm,4842,324,6461,6461,646,NULL,1217101,1217101,1217101,1217094,LIMIT,BUY,1,100,2018-08-21T04:57:43.548,2018-08-21T04:57:43.556
choice-moving,Surfer13@bmm,4851,324,6461,6461,646,NULL,1217102,1216988,1216988,1216988,CANCEL,BUY,1,0,2018-08-21T04:57:47.371,2018-08-21T04:57:47.377
choice-moving,Surfer12@bmm,4850,324,6461,6461,647,NULL,1217103,1217103,1217103,1216979,LIMIT,SELL,1,99,2018-08-21T04:57:48.171,2018-08-21T04:57:48.180
choice-moving,Surfer16@bmm,4854,324,6461,6461,646,NULL,1217104,1217104,1217104,NULL,LIMIT,BUY,1,99,2018-08-21T04:57:49.630,2018-08-21T04:57:49.633
choice-moving,Surfer2@bmm,4840,324,6461,6461,648,NULL,1217105,1217105,1217105,1217110,LIMIT,BUY,1,100,2018-08-21T04:57:49.663,2018-08-21T04:57:55.412
choice-moving,Surfer13@bmm,4851,324,6461,6461,649,NULL,1217107,1216931,1216931,1216931,CANCEL,BUY,1,85,2018-08-21T04:57:52.540,2018-08-21T04:57:52.546
choice-moving,Surfer3@bmm,4841,324,6461,6461,647,NULL,1217108,1217108,1217108,1217144,LIMIT,BUY,1,99,2018-08-21T04:57:53.421,2018-08-21T04:59:10.492
choice-moving,Surfer13@bmm,4851,324,6461,6461,649,NULL,1217109,1216930,1216930,1216930,CANCEL,BUY,1,85,2018-08-21T04:57:53.826,2018-08-21T04:57:53.832
choice-moving,Surfer1@bmm,4839,324,6461,6461,648,NULL,1217110,1217110,1217110,1217105,LIMIT,SELL,1,100,2018-08-21T04:57:55.405,2018-08-21T04:57:55.412
choice-moving,Surfer16@bmm,4854,324,6461,6461,647,NULL,1217111,1217111,1217111,NULL,LIMIT,BUY,1,99,2018-08-21T04:57:59.159,2018-08-21T04:57:59.162
choice-moving,Surfer8@bmm,4846,324,6461,6461,649,NULL,1217112,1216983,1216983,1216983,CANCEL,BUY,1,66,2018-08-21T04:58:05.738,2018-08-21T04:58:05.744
choice-moving,Surfer12@bmm,4850,324,6461,6461,649,NULL,1217113,1217113,1217113,1216952,LIMIT,SELL,1,99,2018-08-21T04:58:05.851,2018-08-21T04:58:05.860
choice-moving,Surfer11@bmm,4849,324,6461,6461,647,NULL,1217114,1216884,1216884,1216884,CANCEL,BUY,3,69,2018-08-21T04:58:07.802,2018-08-21T04:58:07.808
choice-moving,Surfer11@bmm,4849,324,6461,6461,647,NULL,1217115,1216884,1216884,1217115,CANCEL,BUY,3,69,2018-08-21T04:58:08.055,2018-08-21T04:58:08.064
choice-moving,Surfer10@bmm,4848,324,6461,6461,649,NULL,1217116,1217116,1217116,1217017,LIMIT,SELL,1,99,2018-08-21T04:58:08.976,2018-08-21T04:58:08.984
choice-moving,Surfer4@bmm,4842,324,6461,6461,649,NULL,1217117,1217117,1217117,1217154,LIMIT,BUY,1,99,2018-08-21T04:58:15.928,2018-08-21T04:59:31.675
choice-moving,Surfer12@bmm,4850,324,6461,6461,649,NULL,1217118,1217118,1217118,1217045,LIMIT,SELL,1,99,2018-08-21T04:58:16.916,2018-08-21T04:58:16.923
choice-moving,Surfer17@bmm,4855,324,6461,6461,648,NULL,1217119,1217119,1217119,1217136,LIMIT,SELL,1,100,2018-08-21T04:58:17.470,2018-08-21T04:58:40.721
choice-moving,Surfer5@bmm,4843,324,6461,6461,649,NULL,1217120,1217120,1217120,1217140,LIMIT,BUY,1,100,2018-08-21T04:58:18.866,2018-08-21T04:58:49.989
choice-moving,Surfer2@bmm,4840,324,6461,6461,647,NULL,1217121,1217090,1217090,1217090,CANCEL,BUY,1,99,2018-08-21T04:58:19.740,2018-08-21T04:58:19.747
choice-moving,Surfer2@bmm,4840,324,6461,6461,647,NULL,1217122,1217086,1217086,1217086,CANCEL,BUY,1,99,2018-08-21T04:58:20.327,2018-08-21T04:58:20.334
choice-moving,Surfer2@bmm,4840,324,6461,6461,647,NULL,1217123,1217123,1217123,NULL,LIMIT,BUY,1,100,2018-08-21T04:58:23.818,2018-08-21T04:58:23.822
choice-moving,Surfer9@bmm,4847,324,6461,6461,646,NULL,1217124,1217124,1217124,1216989,LIMIT,SELL,1,99,2018-08-21T04:58:25.565,2018-08-21T04:58:25.575
choice-moving,Surfer2@bmm,4840,324,6461,6461,647,NULL,1217125,1217125,1217125,NULL,LIMIT,BUY,1,100,2018-08-21T04:58:25.630,2018-08-21T04:58:25.633
choice-moving,Surfer5@bmm,4843,324,6461,6461,648,NULL,1217126,1217126,1217126,1217132,LIMIT,BUY,1,0,2018-08-21T04:58:28.769,2018-08-21T04:58:35.288
choice-moving,Surfer4@bmm,4842,324,6461,6461,648,NULL,1217127,1217127,1217127,1217129,LIMIT,BUY,1,99,2018-08-21T04:58:29.685,2018-08-21T04:58:34.490
choice-moving,Surfer2@bmm,4840,324,6461,6461,646,NULL,1217128,1217072,1217072,1217072,CANCEL,BUY,1,99,2018-08-21T04:58:33.264,2018-08-21T04:58:33.270
choice-moving,Surfer4@bmm,4842,324,6461,6461,648,NULL,1217129,1217127,1217127,1217127,CANCEL,BUY,1,99,2018-08-21T04:58:34.484,2018-08-21T04:58:34.490
choice-moving,Surfer10@bmm,4848,324,6461,6461,647,NULL,1217130,1217130,1217130,NULL,LIMIT,BUY,1,22,2018-08-21T04:58:34.636,2018-08-21T04:58:34.640
choice-moving,Surfer13@bmm,4851,324,6461,6461,647,NULL,1217131,1217131,1217131,NULL,LIMIT,BUY,2,100,2018-08-21T04:58:35.042,2018-08-21T04:58:35.045
choice-moving,Surfer5@bmm,4843,324,6461,6461,648,NULL,1217132,1217126,1217126,1217126,CANCEL,BUY,1,0,2018-08-21T04:58:35.281,2018-08-21T04:58:35.288
choice-moving,Surfer2@bmm,4840,324,6461,6461,646,NULL,1217133,1217133,1217133,1217139,LIMIT,BUY,1,100,2018-08-21T04:58:36.985,2018-08-21T04:58:46.086
choice-moving,Surfer12@bmm,4850,324,6461,6461,646,NULL,1217134,1217134,1217134,1217137,LIMIT,BUY,1,5,2018-08-21T04:58:37.708,2018-08-21T04:58:43.291
choice-moving,Surfer4@bmm,4842,324,6461,6461,646,NULL,1217135,1217135,1217135,1217150,LIMIT,BUY,1,99,2018-08-21T04:58:39.803,2018-08-21T04:59:27.879
choice-moving,Surfer5@bmm,4843,324,6461,6461,648,NULL,1217136,1217136,1217136,1217119,LIMIT,BUY,1,100,2018-08-21T04:58:40.714,2018-08-21T04:58:40.721
choice-moving,Surfer12@bmm,4850,324,6461,6461,646,NULL,1217137,1217134,1217134,1217134,CANCEL,BUY,1,5,2018-08-21T04:58:43.285,2018-08-21T04:58:43.291
choice-moving,Surfer4@bmm,4842,324,6461,6461,647,NULL,1217138,1217138,1217138,1217153,LIMIT,BUY,1,99,2018-08-21T04:58:45.283,2018-08-21T04:59:29.979
choice-moving,Surfer1@bmm,4839,324,6461,6461,646,NULL,1217139,1217139,1217139,1217133,LIMIT,SELL,1,100,2018-08-21T04:58:46.078,2018-08-21T04:58:46.086
choice-moving,Surfer5@bmm,4843,324,6461,6461,649,NULL,1217140,1217120,1217120,1217120,CANCEL,BUY,1,100,2018-08-21T04:58:49.982,2018-08-21T04:58:49.989
choice-moving,Surfer3@bmm,4841,324,6461,6461,649,NULL,1217141,1217141,1217141,1217142,LIMIT,SELL,1,100,2018-08-21T04:58:57.063,2018-08-21T04:59:05.738
choice-moving,Surfer5@bmm,4843,324,6461,6461,649,NULL,1217142,1217142,1217142,1217141,LIMIT,BUY,1,100,2018-08-21T04:59:05.730,2018-08-21T04:59:05.738
choice-moving,Surfer5@bmm,4843,324,6461,6461,646,NULL,1217143,1216968,1216968,1216968,CANCEL,BUY,1,5,2018-08-21T04:59:09.831,2018-08-21T04:59:09.837
choice-moving,Surfer3@bmm,4841,324,6461,6461,647,NULL,1217144,1217108,1217108,1217108,CANCEL,BUY,1,99,2018-08-21T04:59:10.486,2018-08-21T04:59:10.492
choice-moving,Surfer5@bmm,4843,324,6461,6461,647,NULL,1217145,1216945,1216945,1216945,CANCEL,BUY,1,10,2018-08-21T04:59:11.962,2018-08-21T04:59:11.968
choice-moving,Surfer5@bmm,4843,324,6461,6461,648,NULL,1217146,1216949,1216949,1216949,CANCEL,BUY,1,5,2018-08-21T04:59:13.867,2018-08-21T04:59:13.873
choice-moving,Surfer9@bmm,4847,324,6461,6461,648,NULL,1217147,1217147,1217147,1217155,LIMIT,SELL,1,100,2018-08-21T04:59:24.792,2018-08-21T04:59:32.486
choice-moving,Surfer15@bmm,4853,324,6461,6461,649,NULL,1217148,1217067,1217067,1217067,CANCEL,BUY,1,99,2018-08-21T04:59:26.936,2018-08-21T04:59:26.942
choice-moving,Surfer15@bmm,4853,324,6461,6461,648,NULL,1217149,1216908,1216908,1216908,CANCEL,BUY,1,99,2018-08-21T04:59:27.193,2018-08-21T04:59:27.200
choice-moving,Surfer4@bmm,4842,324,6461,6461,646,NULL,1217150,1217135,1217135,1217135,CANCEL,BUY,1,99,2018-08-21T04:59:27.873,2018-08-21T04:59:27.879
choice-moving,Surfer15@bmm,4853,324,6461,6461,646,NULL,1217151,1217065,1217065,1217065,CANCEL,BUY,1,99,2018-08-21T04:59:28.105,2018-08-21T04:59:28.111
choice-moving,Surfer15@bmm,4853,324,6461,6461,647,NULL,1217152,1217057,1217057,1217057,CANCEL,BUY,1,99,2018-08-21T04:59:28.930,2018-08-21T04:59:28.937
choice-moving,Surfer4@bmm,4842,324,6461,6461,647,NULL,1217153,1217138,1217138,1217138,CANCEL,BUY,1,99,2018-08-21T04:59:29.973,2018-08-21T04:59:29.979
choice-moving,Surfer4@bmm,4842,324,6461,6461,649,NULL,1217154,1217117,1217117,1217117,CANCEL,BUY,1,99,2018-08-21T04:59:31.669,2018-08-21T04:59:31.675
choice-moving,Surfer5@bmm,4843,324,6461,6461,648,NULL,1217155,1217155,1217155,1217147,LIMIT,BUY,1,100,2018-08-21T04:59:32.477,2018-08-21T04:59:32.486
choice-moving,Surfer4@bmm,4842,324,6461,6461,648,NULL,1217156,1216976,1216976,1216976,CANCEL,BUY,1,99,2018-08-21T04:59:33.357,2018-08-21T04:59:33.363