account,email,owner,marketplace,session,period,market,target,order,original,supplier,consumer,type,side,units,price,createdDate,lastModifiedDate
choice-moving,Surfer4@bmm,4842,323,6460,6460,642,NULL,1216585,1216585,1216585,NULL,LIMIT,BUY,1,45,2018-08-21T04:45:19.634,2018-08-21T04:45:19.637
choice-moving,Surfer13@bmm,4851,323,6460,6460,645,NULL,1216586,1216586,1216586,1216632,LIMIT,SELL,1,28,2018-08-21T04:45:19.868,2018-08-21T04:46:29.223
choice-moving,Surfer13@bmm,4851,323,6460,6460,645,NULL,1216587,1216587,1216587,1216630,LIMIT,SELL,1,34,2018-08-21T04:45:22.354,2018-08-21T04:46:28.517
choice-moving,Surfer11@bmm,4849,323,6460,6460,642,NULL,1216588,1216588,1216588,1216819,LIMIT,BUY,2,65,2018-08-21T04:45:24.356,2018-08-21T04:50:21.019
choice-moving,Surfer13@bmm,4851,323,6460,6460,642,NULL,1216589,1216589,1216589,1216669,LIMIT,BUY,1,45,2018-08-21T04:45:25.450,2018-08-21T04:47:12.242
choice-moving,Surfer13@bmm,4851,323,6460,6460,642,NULL,1216590,1216590,1216590,1216668,LIMIT,BUY,1,45,2018-08-21T04:45:27.711,2018-08-21T04:47:11.482
choice-moving,Surfer4@bmm,4842,323,6460,6460,644,NULL,1216591,1216591,1216591,1216615,LIMIT,SELL,1,50,2018-08-21T04:45:29.426,2018-08-21T04:46:12.407
choice-moving,Surfer13@bmm,4851,323,6460,6460,642,NULL,1216592,1216592,1216592,1216671,LIMIT,BUY,1,64,2018-08-21T04:45:31.414,2018-08-21T04:47:13.173
choice-moving,Surfer15@bmm,4853,323,6460,6460,642,NULL,1216593,1216593,1216593,1216745,LIMIT,BUY,1,67,2018-08-21T04:45:32.598,2018-08-21T04:48:27.217
choice-moving,Surfer15@bmm,4853,323,6460,6460,645,NULL,1216594,1216594,1216594,1216651,LIMIT,SELL,1,27,2018-08-21T04:45:45.628,2018-08-21T04:46:54.267
choice-moving,Surfer15@bmm,4853,323,6460,6460,643,NULL,1216595,1216595,1216595,1216607,LIMIT,BUY,1,50,2018-08-21T04:45:53.028,2018-08-21T04:46:06.385
choice-moving,Surfer9@bmm,4847,323,6460,6460,643,NULL,1216596,1216596,1216596,1216705,LIMIT,BUY,1,56,2018-08-21T04:45:59.783,2018-08-21T04:47:41.946
choice-moving,Surfer13@bmm,4851,323,6460,6460,643,NULL,1216597,1216597,1216597,1216606,LIMIT,BUY,1,50,2018-08-21T04:46:00.053,2018-08-21T04:46:05.694
choice-moving,Surfer6@bmm,4844,323,6460,6460,643,NULL,1216598,1216598,1216598,NULL,LIMIT,BUY,1,60,2018-08-21T04:46:01.221,2018-08-21T04:46:01.224
choice-moving,Surfer13@bmm,4851,323,6460,6460,643,NULL,1216599,1216599,1216599,1216604,LIMIT,BUY,1,50,2018-08-21T04:46:02.119,2018-08-21T04:46:05.057
choice-moving,Surfer13@bmm,4851,323,6460,6460,643,NULL,1216600,1216600,1216600,NULL,LIMIT,BUY,1,60,2018-08-21T04:46:03.727,2018-08-21T04:46:03.730
choice-moving,Surfer15@bmm,4853,323,6460,6460,643,NULL,1216601,1216601,1216601,1216639,LIMIT,BUY,1,64,2018-08-21T04:46:03.794,2018-08-21T04:46:40.996
choice-moving,Surfer3@bmm,4841,323,6460,6460,645,NULL,1216602,1216602,1216602,1216608,LIMIT,SELL,1,26,2018-08-21T04:46:04.591,2018-08-21T04:46:06.971
choice-moving,Surfer7@bmm,4845,323,6460,6460,645,NULL,1216603,1216603,1216603,1216682,LIMIT,SELL,1,20,2018-08-21T04:46:04.626,2018-08-21T04:47:27.220
choice-moving,Surfer13@bmm,4851,323,6460,6460,643,NULL,1216604,1216599,1216599,1216599,CANCEL,BUY,1,50,2018-08-21T04:46:05.050,2018-08-21T04:46:05.057
choice-moving,Surfer13@bmm,4851,323,6460,6460,643,NULL,1216605,1216599,1216599,1216605,CANCEL,BUY,1,50,2018-08-21T04:46:05.510,2018-08-21T04:46:05.516
choice-moving,Surfer13@bmm,4851,323,6460,6460,643,NULL,1216606,1216597,1216597,1216597,CANCEL,BUY,1,50,2018-08-21T04:46:05.687,2018-08-21T04:46:05.693
choice-moving,Surfer15@bmm,4853,323,6460,6460,643,NULL,1216607,1216595,1216595,1216595,CANCEL,BUY,1,50,2018-08-21T04:46:06.379,2018-08-21T04:46:06.385
choice-moving,Surfer3@bmm,4841,323,6460,6460,645,NULL,1216608,1216602,1216602,1216602,CANCEL,SELL,1,26,2018-08-21T04:46:06.964,2018-08-21T04:46:06.970
choice-moving,Surfer7@bmm,4845,323,6460,6460,645,NULL,1216609,1216609,1216609,1216680,LIMIT,SELL,1,20,2018-08-21T04:46:07.064,2018-08-21T04:47:25.627
choice-moving,Surfer7@bmm,4845,323,6460,6460,645,NULL,1216610,1216610,1216610,1216663,LIMIT,SELL,1,20,2018-08-21T04:46:07.867,2018-08-21T04:47:06.914
choice-moving,Surfer3@bmm,4841,323,6460,6460,645,NULL,1216611,1216611,1216611,1216688,LIMIT,SELL,1,18,2018-08-21T04:46:10.272,2018-08-21T04:47:31.994
choice-moving,Surfer7@bmm,4845,323,6460,6460,645,NULL,1216612,1216612,1216612,1216661,LIMIT,SELL,1,20,2018-08-21T04:46:10.441,2018-08-21T04:47:06.009
choice-moving,Surfer9@bmm,4847,323,6460,6460,642,NULL,1216613,1216613,1216613,1216692,LIMIT,BUY,1,71,2018-08-21T04:46:10.919,2018-08-21T04:47:34.514
choice-moving,Surfer13@bmm,4851,323,6460,6460,643,NULL,1216614,1216614,1216614,NULL,LIMIT,BUY,1,60,2018-08-21T04:46:11.114,2018-08-21T04:46:11.118
choice-moving,Surfer4@bmm,4842,323,6460,6460,644,NULL,1216615,1216591,1216591,1216591,CANCEL,SELL,1,50,2018-08-21T04:46:12.400,2018-08-21T04:46:12.407
choice-moving,Surfer11@bmm,4849,323,6460,6460,643,NULL,1216616,1216616,1216616,1216818,LIMIT,BUY,2,71,2018-08-21T04:46:15.665,2018-08-21T04:50:19.253
choice-moving,Surfer3@bmm,4841,323,6460,6460,645,NULL,1216617,1216617,1216617,1216687,LIMIT,SELL,3,18,2018-08-21T04:46:15.680,2018-08-21T04:47:31.154
choice-moving,Surfer8@bmm,4846,323,6460,6460,644,NULL,1216618,1216618,1216618,1216623,LIMIT,SELL,1,55,2018-08-21T04:46:16.118,2018-08-21T04:46:22.838
choice-moving,Surfer15@bmm,4853,323,6460,6460,645,NULL,1216619,1216619,1216619,1216738,LIMIT,SELL,1,17,2018-08-21T04:46:16.420,2018-08-21T04:48:16.840
choice-moving,Surfer4@bmm,4842,323,6460,6460,644,NULL,1216620,1216620,1216620,1216627,LIMIT,BUY,1,50,2018-08-21T04:46:17.122,2018-08-21T04:46:25.530
choice-moving,Surfer6@bmm,4844,323,6460,6460,642,NULL,1216621,1216621,1216621,NULL,LIMIT,BUY,1,60,2018-08-21T04:46:18.392,2018-08-21T04:46:18.395
choice-moving,Surfer13@bmm,4851,323,6460,6460,642,NULL,1216622,1216622,1216622,NULL,LIMIT,BUY,1,71,2018-08-21T04:46:19.520,2018-08-21T04:46:19.523
choice-moving,Surfer4@bmm,4842,323,6460,6460,644,NULL,1216623,1216623,1216623,1216618,LIMIT,BUY,1,55,2018-08-21T04:46:22.829,2018-08-21T04:46:22.837
choice-moving,Surfer9@bmm,4847,323,6460,6460,645,NULL,1216624,1216624,1216624,NULL,LIMIT,SELL,1,57,2018-08-21T04:46:23.385,2018-08-21T04:46:23.388
choice-moving,Surfer7@bmm,4845,323,6460,6460,642,NULL,1216625,1216625,1216625,NULL,LIMIT,BUY,1,99,2018-08-21T04:46:24.586,2018-08-21T04:46:24.594
choice-moving,Surfer14@bmm,4852,323,6460,6460,644,NULL,1216626,1216626,1216626,0,LIMIT,SELL,1,30,2018-08-21T04:46:25.502,2018-08-21T04:46:25.529
choice-moving,Surfer14@bmm,4852,323,6460,6460,644,NULL,1216627,1216626,1216626,1216620,LIMIT,SELL,1,50,2018-08-21T04:46:25.524,2018-08-21T04:46:25.531
choice-moving,Surfer3@bmm,4841,323,6460,6460,642,NULL,1216628,1216628,1216628,1216706,LIMIT,BUY,1,73,2018-08-21T04:46:25.538,2018-08-21T04:47:42.659
choice-moving,Surfer13@bmm,4851,323,6460,6460,645,NULL,1216630,1216587,1216587,1216587,CANCEL,SELL,1,34,2018-08-21T04:46:28.510,2018-08-21T04:46:28.517
choice-moving,Surfer8@bmm,4846,323,6460,6460,644,NULL,1216631,1216631,1216631,1216717,LIMIT,SELL,1,60,2018-08-21T04:46:28.529,2018-08-21T04:47:51.995
choice-moving,Surfer13@bmm,4851,323,6460,6460,645,NULL,1216632,1216586,1216586,1216586,CANCEL,SELL,1,28,2018-08-21T04:46:29.215,2018-08-21T04:46:29.223
choice-moving,Surfer14@bmm,4852,323,6460,6460,644,NULL,1216633,1216633,1216633,1216670,LIMIT,SELL,1,30,2018-08-21T04:46:29.958,2018-08-21T04:47:13.088
choice-moving,Surfer6@bmm,4844,323,6460,6460,644,NULL,1216634,1216634,1216634,NULL,LIMIT,SELL,1,50,2018-08-21T04:46:30.376,2018-08-21T04:46:30.383
choice-moving,Surfer15@bmm,4853,323,6460,6460,643,NULL,1216635,1216635,1216635,1216637,LIMIT,SELL,1,72,2018-08-21T04:46:31.508,2018-08-21T04:46:34.881
choice-moving,Surfer13@bmm,4851,323,6460,6460,645,NULL,1216636,1216636,1216636,1216750,LIMIT,SELL,1,21,2018-08-21T04:46:34.287,2018-08-21T04:48:29.788
choice-moving,Surfer15@bmm,4853,323,6460,6460,643,NULL,1216637,1216635,1216635,1216635,CANCEL,SELL,1,72,2018-08-21T04:46:34.874,2018-08-21T04:46:34.880
choice-moving,Surfer15@bmm,4853,323,6460,6460,643,NULL,1216638,1216638,1216638,1216752,LIMIT,BUY,1,72,2018-08-21T04:46:38.139,2018-08-21T04:48:30.518
choice-moving,Surfer15@bmm,4853,323,6460,6460,643,NULL,1216639,1216601,1216601,1216601,CANCEL,BUY,1,64,2018-08-21T04:46:40.990,2018-08-21T04:46:40.996
choice-moving,Surfer3@bmm,4841,323,6460,6460,643,NULL,1216640,1216640,1216640,1216708,LIMIT,BUY,1,73,2018-08-21T04:46:41.317,2018-08-21T04:47:43.979
choice-moving,Surfer17@bmm,4855,323,6460,6460,642,NULL,1216641,1216641,1216641,NULL,LIMIT,BUY,1,84,2018-08-21T04:46:41.545,2018-08-21T04:46:41.548
choice-moving,Surfer7@bmm,4845,323,6460,6460,642,NULL,1216642,1216642,1216642,NULL,LIMIT,BUY,1,99,2018-08-21T04:46:41.879,2018-08-21T04:46:41.883
choice-moving,Surfer8@bmm,4846,323,6460,6460,642,NULL,1216643,1216643,1216643,NULL,LIMIT,BUY,1,62,2018-08-21T04:46:42.282,2018-08-21T04:46:42.285
choice-moving,Surfer5@bmm,4843,323,6460,6460,642,NULL,1216644,1216644,1216644,1216675,LIMIT,BUY,1,100,2018-08-21T04:46:43.594,2018-08-21T04:47:17.494
choice-moving,Surfer14@bmm,4852,323,6460,6460,642,NULL,1216645,1216645,1216645,1216718,LIMIT,BUY,1,100,2018-08-21T04:46:45.571,2018-08-21T04:47:53.705
choice-moving,Surfer12@bmm,4850,323,6460,6460,643,NULL,1216646,1216646,1216646,NULL,LIMIT,BUY,1,79,2018-08-21T04:46:51.511,2018-08-21T04:46:51.514
choice-moving,Surfer4@bmm,4842,323,6460,6460,644,NULL,1216647,1216647,1216647,1216695,LIMIT,SELL,1,30,2018-08-21T04:46:51.898,2018-08-21T04:47:36.641
choice-moving,Surfer7@bmm,4845,323,6460,6460,643,NULL,1216648,1216648,1216648,NULL,LIMIT,BUY,1,99,2018-08-21T04:46:52.970,2018-08-21T04:46:52.973
choice-moving,Surfer4@bmm,4842,323,6460,6460,644,NULL,1216649,1216649,1216649,1216693,LIMIT,SELL,1,30,2018-08-21T04:46:53.163,2018-08-21T04:47:35.592
choice-moving,Surfer7@bmm,4845,323,6460,6460,643,NULL,1216650,1216650,1216650,NULL,LIMIT,BUY,1,99,2018-08-21T04:46:53.655,2018-08-21T04:46:53.658
choice-moving,Surfer15@bmm,4853,323,6460,6460,645,NULL,1216651,1216594,1216594,1216594,CANCEL,SELL,1,27,2018-08-21T04:46:54.260,2018-08-21T04:46:54.267
choice-moving,Surfer17@bmm,4855,323,6460,6460,643,NULL,1216652,1216652,1216652,1216826,LIMIT,BUY,1,72,2018-08-21T04:46:54.617,2018-08-21T04:50:26.924
choice-moving,Surfer7@bmm,4845,323,6460,6460,643,NULL,1216653,1216653,1216653,NULL,LIMIT,BUY,1,99,2018-08-21T04:46:55.103,2018-08-21T04:46:55.106
choice-moving,Surfer7@bmm,4845,323,6460,6460,643,NULL,1216654,1216654,1216654,NULL,LIMIT,BUY,1,99,2018-08-21T04:46:55.342,2018-08-21T04:46:55.345
choice-moving,Surfer2@bmm,4840,323,6460,6460,644,NULL,1216655,1216655,1216655,1216689,LIMIT,SELL,1,15,2018-08-21T04:46:55.434,2018-08-21T04:47:32.183
choice-moving,Surfer8@bmm,4846,323,6460,6460,644,NULL,1216656,1216656,1216656,1216685,LIMIT,SELL,1,60,2018-08-21T04:46:55.701,2018-08-21T04:47:29.362
choice-moving,Surfer5@bmm,4843,323,6460,6460,643,NULL,1216657,1216657,1216657,NULL,LIMIT,BUY,1,55,2018-08-21T04:46:58.237,2018-08-21T04:46:58.240
choice-moving,Surfer14@bmm,4852,323,6460,6460,644,NULL,1216658,1216658,1216658,NULL,LIMIT,SELL,1,11,2018-08-21T04:46:59.638,2018-08-21T04:46:59.641
choice-moving,Surfer12@bmm,4850,323,6460,6460,642,NULL,1216659,1216659,1216659,1216723,LIMIT,BUY,1,100,2018-08-21T04:47:01.360,2018-08-21T04:47:58.253
choice-moving,Surfer2@bmm,4840,323,6460,6460,644,NULL,1216660,1216660,1216660,1216674,LIMIT,SELL,1,19,2018-08-21T04:47:02.201,2018-08-21T04:47:16.998
choice-moving,Surfer7@bmm,4845,323,6460,6460,645,NULL,1216661,1216612,1216612,1216612,CANCEL,SELL,1,20,2018-08-21T04:47:06.002,2018-08-21T04:47:06.009
choice-moving,Surfer7@bmm,4845,323,6460,6460,645,NULL,1216662,1216612,1216612,1216662,CANCEL,SELL,1,20,2018-08-21T04:47:06.256,2018-08-21T04:47:06.262
choice-moving,Surfer7@bmm,4845,323,6460,6460,645,NULL,1216663,1216610,1216610,1216610,CANCEL,SELL,1,20,2018-08-21T04:47:06.907,2018-08-21T04:47:06.914
choice-moving,Surfer2@bmm,4840,323,6460,6460,644,NULL,1216664,1216664,1216664,1216782,LIMIT,SELL,1,10,2018-08-21T04:47:06.985,2018-08-21T04:49:04.798
choice-moving,Surfer6@bmm,4844,323,6460,6460,644,NULL,1216665,1216665,1216665,NULL,LIMIT,SELL,1,30,2018-08-21T04:47:07.290,2018-08-21T04:47:07.294
choice-moving,Surfer2@bmm,4840,323,6460,6460,644,NULL,1216666,1216666,1216666,1216676,LIMIT,SELL,1,8,2018-08-21T04:47:11.098,2018-08-21T04:47:20.610
choice-moving,Surfer14@bmm,4852,323,6460,6460,644,NULL,1216667,1216667,1216667,1216852,LIMIT,SELL,1,9,2018-08-21T04:47:11.289,2018-08-21T04:51:48.818
choice-moving,Surfer13@bmm,4851,323,6460,6460,642,NULL,1216668,1216590,1216590,1216590,CANCEL,BUY,1,45,2018-08-21T04:47:11.475,2018-08-21T04:47:11.482
choice-moving,Surfer13@bmm,4851,323,6460,6460,642,NULL,1216669,1216589,1216589,1216589,CANCEL,BUY,1,45,2018-08-21T04:47:12.235,2018-08-21T04:47:12.242
choice-moving,Surfer14@bmm,4852,323,6460,6460,644,NULL,1216670,1216633,1216633,1216633,CANCEL,SELL,1,30,2018-08-21T04:47:13.082,2018-08-21T04:47:13.088
choice-moving,Surfer13@bmm,4851,323,6460,6460,642,NULL,1216671,1216592,1216592,1216592,CANCEL,BUY,1,64,2018-08-21T04:47:13.166,2018-08-21T04:47:13.173
choice-moving,Surfer5@bmm,4843,323,6460,6460,645,NULL,1216672,1216672,1216672,NULL,LIMIT,SELL,1,15,2018-08-21T04:47:13.491,2018-08-21T04:47:13.494
choice-moving,Surfer8@bmm,4846,323,6460,6460,643,NULL,1216673,1216673,1216673,NULL,LIMIT,BUY,1,50,2018-08-21T04:47:15.603,2018-08-21T04:47:15.607
choice-moving,Surfer2@bmm,4840,323,6460,6460,644,NULL,1216674,1216660,1216660,1216660,CANCEL,SELL,1,19,2018-08-21T04:47:16.991,2018-08-21T04:47:16.998
choice-moving,Surfer10@bmm,4848,323,6460,6460,642,NULL,1216675,1216675,1216675,1216644,LIMIT,SELL,1,100,2018-08-21T04:47:17.485,2018-08-21T04:47:17.494
choice-moving,Surfer12@bmm,4850,323,6460,6460,644,NULL,1216676,1216676,1216676,1216666,LIMIT,BUY,1,8,2018-08-21T04:47:20.603,2018-08-21T04:47:20.610
choice-moving,Surfer2@bmm,4840,323,6460,6460,644,NULL,1216677,1216677,1216677,1216790,LIMIT,SELL,1,6,2018-08-21T04:47:21.616,2018-08-21T04:49:21.638
choice-moving,Surfer7@bmm,4845,323,6460,6460,645,NULL,1216678,1216678,1216678,1216762,LIMIT,SELL,1,10,2018-08-21T04:47:21.680,2018-08-21T04:48:39.263
choice-moving,Surfer7@bmm,4845,323,6460,6460,645,NULL,1216679,1216679,1216679,1216744,LIMIT,SELL,1,10,2018-08-21T04:47:24.042,2018-08-21T04:48:26.089
choice-moving,Surfer7@bmm,4845,323,6460,6460,645,NULL,1216680,1216609,1216609,1216609,CANCEL,SELL,1,20,2018-08-21T04:47:25.621,2018-08-21T04:47:25.627
choice-moving,Surfer7@bmm,4845,323,6460,6460,645,NULL,1216681,1216609,1216609,1216681,CANCEL,SELL,1,20,2018-08-21T04:47:25.872,2018-08-21T04:47:25.878
choice-moving,Surfer7@bmm,4845,323,6460,6460,645,NULL,1216682,1216603,1216603,1216603,CANCEL,SELL,1,20,2018-08-21T04:47:27.214,2018-08-21T04:47:27.220
choice-moving,Surfer7@bmm,4845,323,6460,6460,645,NULL,1216683,1216683,1216683,1216732,LIMIT,SELL,1,10,2018-08-21T04:47:28.160,2018-08-21T04:48:09.254
choice-moving,Surfer9@bmm,4847,323,6460,6460,645,NULL,1216684,1216684,1216684,NULL,LIMIT,SELL,1,32,2018-08-21T04:47:28.446,2018-08-21T04:47:28.449
choice-moving,Surfer8@bmm,4846,323,6460,6460,644,NULL,1216685,1216656,1216656,1216656,CANCEL,SELL,1,60,2018-08-21T04:47:29.355,2018-08-21T04:47:29.362
choice-moving,Surfer7@bmm,4845,323,6460,6460,645,NULL,1216686,1216686,1216686,1216728,LIMIT,SELL,1,10,2018-08-21T04:47:29.471,2018-08-21T04:48:07.347
choice-moving,Surfer3@bmm,4841,323,6460,6460,645,NULL,1216687,1216617,1216617,1216617,CANCEL,SELL,3,18,2018-08-21T04:47:31.147,2018-08-21T04:47:31.153
choice-moving,Surfer3@bmm,4841,323,6460,6460,645,NULL,1216688,1216611,1216611,1216611,CANCEL,SELL,1,18,2018-08-21T04:47:31.988,2018-08-21T04:47:31.994
choice-moving,Surfer2@bmm,4840,323,6460,6460,644,NULL,1216689,1216655,1216655,1216655,CANCEL,SELL,1,15,2018-08-21T04:47:32.176,2018-08-21T04:47:32.182
choice-moving,Surfer4@bmm,4842,323,6460,6460,644,NULL,1216690,1216690,1216690,1216810,LIMIT,SELL,1,5,2018-08-21T04:47:32.296,2018-08-21T04:49:53.011
choice-moving,Surfer16@bmm,4854,323,6460,6460,644,NULL,1216691,1216691,1216691,1216770,LIMIT,SELL,1,3,2018-08-21T04:47:34.365,2018-08-21T04:48:49.288
choice-moving,Surfer9@bmm,4847,323,6460,6460,642,NULL,1216692,1216613,1216613,1216613,CANCEL,BUY,1,71,2018-08-21T04:47:34.507,2018-08-21T04:47:34.514
choice-moving,Surfer4@bmm,4842,323,6460,6460,644,NULL,1216693,1216649,1216649,1216649,CANCEL,SELL,1,30,2018-08-21T04:47:35.586,2018-08-21T04:47:35.592
choice-moving,Surfer4@bmm,4842,323,6460,6460,644,NULL,1216694,1216649,1216649,1216694,CANCEL,SELL,1,30,2018-08-21T04:47:35.848,2018-08-21T04:47:35.854
choice-moving,Surfer4@bmm,4842,323,6460,6460,644,NULL,1216695,1216647,1216647,1216647,CANCEL,SELL,1,30,2018-08-21T04:47:36.634,2018-08-21T04:47:36.641
choice-moving,Surfer6@bmm,4844,323,6460,6460,644,NULL,1216696,1216696,1216696,NULL,LIMIT,SELL,1,5,2018-08-21T04:47:37.358,2018-08-21T04:47:37.361
choice-moving,Surfer2@bmm,4840,323,6460,6460,644,NULL,1216697,1216697,1216697,1216808,LIMIT,SELL,1,3,2018-08-21T04:47:37.682,2018-08-21T04:49:48.309
choice-moving,Surfer12@bmm,4850,323,6460,6460,644,NULL,1216698,1216698,1216698,NULL,LIMIT,SELL,1,15,2018-08-21T04:47:38.122,2018-08-21T04:47:38.126
choice-moving,Surfer16@bmm,4854,323,6460,6460,644,NULL,1216699,1216699,1216699,1216759,LIMIT,SELL,1,6,2018-08-21T04:47:38.129,2018-08-21T04:48:36.830
choice-moving,Surfer9@bmm,4847,323,6460,6460,642,NULL,1216700,1216700,1216700,1216776,LIMIT,BUY,1,100,2018-08-21T04:47:38.659,2018-08-21T04:48:52.353
choice-moving,Surfer3@bmm,4841,323,6460,6460,645,NULL,1216701,1216701,1216701,1216757,LIMIT,SELL,4,9,2018-08-21T04:47:38.719,2018-08-21T04:48:35.321
choice-moving,Surfer15@bmm,4853,323,6460,6460,645,NULL,1216702,1216702,1216702,1216720,LIMIT,SELL,1,8,2018-08-21T04:47:39.567,2018-08-21T04:47:55.625
choice-moving,Surfer8@bmm,4846,323,6460,6460,644,NULL,1216703,1216703,1216703,NULL,LIMIT,SELL,1,25,2018-08-21T04:47:41.091,2018-08-21T04:47:41.094
choice-moving,Surfer16@bmm,4854,323,6460,6460,644,NULL,1216704,1216704,1216704,1216766,LIMIT,SELL,1,4,2018-08-21T04:47:41.201,2018-08-21T04:48:41.849
choice-moving,Surfer9@bmm,4847,323,6460,6460,643,NULL,1216705,1216596,1216596,1216596,CANCEL,BUY,1,56,2018-08-21T04:47:41.939,2018-08-21T04:47:41.946
choice-moving,Surfer3@bmm,4841,323,6460,6460,642,NULL,1216706,1216628,1216628,1216628,CANCEL,BUY,1,73,2018-08-21T04:47:42.652,2018-08-21T04:47:42.659
choice-moving,Surfer7@bmm,4845,323,6460,6460,643,NULL,1216707,1216707,1216707,NULL,LIMIT,BUY,1,99,2018-08-21T04:47:43,2018-08-21T04:47:43.004
choice-moving,Surfer3@bmm,4841,323,6460,6460,643,NULL,1216708,1216640,1216640,1216640,CANCEL,BUY,1,73,2018-08-21T04:47:43.973,2018-08-21T04:47:43.979
choice-moving,Surfer17@bmm,4855,323,6460,6460,645,NULL,1216709,1216709,1216709,NULL,LIMIT,SELL,1,58,2018-08-21T04:47:44.105,2018-08-21T04:47:44.108
choice-moving,Surfer16@bmm,4854,323,6460,6460,644,NULL,1216710,1216710,1216710,1216719,LIMIT,SELL,1,2,2018-08-21T04:47:44.568,2018-08-21T04:47:54.401
choice-moving,Surfer9@bmm,4847,323,6460,6460,643,NULL,1216711,1216711,1216711,1216724,LIMIT,BUY,1,100,2018-08-21T04:47:45.289,2018-08-21T04:48:00.344
choice-moving,Surfer10@bmm,4848,323,6460,6460,644,NULL,1216712,1216712,1216712,NULL,LIMIT,SELL,1,15,2018-08-21T04:47:45.962,2018-08-21T04:47:45.967
choice-moving,Surfer13@bmm,4851,323,6460,6460,645,NULL,1216713,1216713,1216713,NULL,LIMIT,SELL,1,8,2018-08-21T04:47:48.269,2018-08-21T04:47:48.272
choice-moving,Surfer7@bmm,4845,323,6460,6460,643,NULL,1216714,1216714,1216714,NULL,LIMIT,BUY,1,99,2018-08-21T04:47:49.560,2018-08-21T04:47:49.563
choice-moving,Surfer13@bmm,4851,323,6460,6460,645,NULL,1216715,1216715,1216715,NULL,LIMIT,SELL,1,8,2018-08-21T04:47:50.556,2018-08-21T04:47:50.559
choice-moving,Surfer13@bmm,4851,323,6460,6460,645,NULL,1216716,1216716,1216716,1216753,LIMIT,SELL,1,8,2018-08-21T04:47:50.797,2018-08-21T04:48:31.640
choice-moving,Surfer8@bmm,4846,323,6460,6460,644,NULL,1216717,1216631,1216631,1216631,CANCEL,SELL,1,60,2018-08-21T04:47:51.989,2018-08-21T04:47:51.995
choice-moving,Surfer4@bmm,4842,323,6460,6460,642,NULL,1216718,1216718,1216718,1216645,LIMIT,SELL,1,100,2018-08-21T04:47:53.698,2018-08-21T04:47:53.705
choice-moving,Surfer17@bmm,4855,323,6460,6460,644,NULL,1216719,1216719,1216719,1216710,LIMIT,BUY,1,2,2018-08-21T04:47:54.393,2018-08-21T04:47:54.401
choice-moving,Surfer12@bmm,4850,323,6460,6460,645,NULL,1216720,1216720,1216720,1216702,LIMIT,BUY,1,8,2018-08-21T04:47:55.618,2018-08-21T04:47:55.624
choice-moving,Surfer8@bmm,4846,323,6460,6460,644,NULL,1216721,1216721,1216721,NULL,LIMIT,SELL,1,20,2018-08-21T04:47:57.393,2018-08-21T04:47:57.396
choice-moving,Surfer2@bmm,4840,323,6460,6460,643,NULL,1216722,1216722,1216722,1216726,LIMIT,BUY,1,100,2018-08-21T04:47:57.542,2018-08-21T04:48:01.527
choice-moving,Surfer10@bmm,4848,323,6460,6460,642,NULL,1216723,1216723,1216723,1216659,LIMIT,SELL,1,100,2018-08-21T04:47:58.245,2018-08-21T04:47:58.253
choice-moving,Surfer1@bmm,4839,323,6460,6460,643,NULL,1216724,1216724,1216724,1216711,LIMIT,SELL,1,100,2018-08-21T04:48:00.337,2018-08-21T04:48:00.344
choice-moving,Surfer2@bmm,4840,323,6460,6460,643,NULL,1216725,1216725,1216725,1216824,LIMIT,BUY,1,99,2018-08-21T04:48:00.513,2018-08-21T04:50:25.501
choice-moving,Surfer1@bmm,4839,323,6460,6460,643,NULL,1216726,1216726,1216726,1216722,LIMIT,SELL,1,100,2018-08-21T04:48:01.519,2018-08-21T04:48:01.527
choice-moving,Surfer3@bmm,4841,323,6460,6460,642,NULL,1216727,1216727,1216727,NULL,LIMIT,BUY,4,99,2018-08-21T04:48:05.146,2018-08-21T04:48:05.149
choice-moving,Surfer7@bmm,4845,323,6460,6460,645,NULL,1216728,1216686,1216686,1216686,CANCEL,SELL,1,10,2018-08-21T04:48:07.340,2018-08-21T04:48:07.347
choice-moving,Surfer7@bmm,4845,323,6460,6460,645,NULL,1216729,1216729,1216729,1216760,LIMIT,SELL,1,5,2018-08-21T04:48:08.274,2018-08-21T04:48:38.088
choice-moving,Surfer12@bmm,4850,323,6460,6460,642,NULL,1216730,1216730,1216730,1216779,LIMIT,BUY,1,100,2018-08-21T04:48:08.344,2018-08-21T04:49:01.131
choice-moving,Surfer4@bmm,4842,323,6460,6460,643,NULL,1216731,1216731,1216731,1216778,LIMIT,BUY,1,98,2018-08-21T04:48:08.566,2018-08-21T04:49:01.001
choice-moving,Surfer7@bmm,4845,323,6460,6460,645,NULL,1216732,1216683,1216683,1216683,CANCEL,SELL,1,10,2018-08-21T04:48:09.248,2018-08-21T04:48:09.254
choice-moving,Surfer2@bmm,4840,323,6460,6460,643,NULL,1216733,1216733,1216733,1216823,LIMIT,BUY,1,99,2018-08-21T04:48:10.021,2018-08-21T04:50:24.477
choice-moving,Surfer13@bmm,4851,323,6460,6460,642,NULL,1216734,1216734,1216734,1216815,LIMIT,BUY,6,99,2018-08-21T04:48:12.712,2018-08-21T04:50:07.415
choice-moving,Surfer17@bmm,4855,323,6460,6460,644,NULL,1216735,1216735,1216735,1216798,LIMIT,SELL,1,14,2018-08-21T04:48:13.304,2018-08-21T04:49:29.192
choice-moving,Surfer2@bmm,4840,323,6460,6460,643,NULL,1216736,1216736,1216736,1216791,LIMIT,BUY,1,100,2018-08-21T04:48:15.302,2018-08-21T04:49:21.871
choice-moving,Surfer4@bmm,4842,323,6460,6460,644,NULL,1216737,1216737,1216737,1216849,LIMIT,SELL,1,2,2018-08-21T04:48:15.676,2018-08-21T04:51:44.294
choice-moving,Surfer15@bmm,4853,323,6460,6460,645,NULL,1216738,1216619,1216619,1216619,CANCEL,SELL,1,17,2018-08-21T04:48:16.834,2018-08-21T04:48:16.840
choice-moving,Surfer2@bmm,4840,323,6460,6460,643,NULL,1216739,1216739,1216739,1216816,LIMIT,BUY,1,99,2018-08-21T04:48:19.336,2018-08-21T04:50:12.107
choice-moving,Surfer15@bmm,4853,323,6460,6460,645,NULL,1216740,1216740,1216740,1216792,LIMIT,SELL,1,4,2018-08-21T04:48:19.689,2018-08-21T04:49:23.501
choice-moving,Surfer3@bmm,4841,323,6460,6460,643,NULL,1216741,1216741,1216741,NULL,LIMIT,BUY,3,99,2018-08-21T04:48:20.111,2018-08-21T04:48:20.114
choice-moving,Surfer8@bmm,4846,323,6460,6460,643,NULL,1216742,1216742,1216742,NULL,LIMIT,BUY,1,73,2018-08-21T04:48:23.294,2018-08-21T04:48:23.297
choice-moving,Surfer12@bmm,4850,323,6460,6460,645,NULL,1216743,1216743,1216743,1216834,LIMIT,SELL,1,3,2018-08-21T04:48:23.304,2018-08-21T04:50:47.154
choice-moving,Surfer7@bmm,4845,323,6460,6460,645,NULL,1216744,1216679,1216679,1216679,CANCEL,SELL,1,10,2018-08-21T04:48:26.082,2018-08-21T04:48:26.088
choice-moving,Surfer15@bmm,4853,323,6460,6460,642,NULL,1216745,1216593,1216593,1216593,CANCEL,BUY,1,67,2018-08-21T04:48:27.210,2018-08-21T04:48:27.217
choice-moving,Surfer7@bmm,4845,323,6460,6460,645,NULL,1216746,1216746,1216746,1216755,LIMIT,SELL,1,3,2018-08-21T04:48:27.281,2018-08-21T04:48:33.090
choice-moving,Surfer10@bmm,4848,323,6460,6460,642,NULL,1216747,1216747,1216747,NULL,LIMIT,BUY,1,53,2018-08-21T04:48:27.444,2018-08-21T04:48:27.447
choice-moving,Surfer1@bmm,4839,323,6460,6460,645,NULL,1216748,1216748,1216748,0,LIMIT,SELL,4,1,2018-08-21T04:48:28.753,2018-08-21T04:49:24
choice-moving,Surfer12@bmm,4850,323,6460,6460,644,NULL,1216749,1216749,1216749,NULL,LIMIT,SELL,1,2,2018-08-21T04:48:29.706,2018-08-21T04:48:29.709
choice-moving,Surfer13@bmm,4851,323,6460,6460,645,NULL,1216750,1216636,1216636,1216636,CANCEL,SELL,1,21,2018-08-21T04:48:29.781,2018-08-21T04:48:29.788
choice-moving,Surfer2@bmm,4840,323,6460,6460,642,NULL,1216751,1216751,1216751,1216825,LIMIT,BUY,1,100,2018-08-21T04:48:29.982,2018-08-21T04:50:26.186
choice-moving,Surfer15@bmm,4853,323,6460,6460,643,NULL,1216752,1216638,1216638,1216638,CANCEL,BUY,1,72,2018-08-21T04:48:30.511,2018-08-21T04:48:30.518
choice-moving,Surfer13@bmm,4851,323,6460,6460,645,NULL,1216753,1216716,1216716,1216716,CANCEL,SELL,1,8,2018-08-21T04:48:31.634,2018-08-21T04:48:31.640
choice-moving,Surfer2@bmm,4840,323,6460,6460,642,NULL,1216754,1216754,1216754,1216833,LIMIT,BUY,1,99,2018-08-21T04:48:32.751,2018-08-21T04:50:46.701
choice-moving,Surfer7@bmm,4845,323,6460,6460,645,NULL,1216755,1216746,1216746,1216746,CANCEL,SELL,1,3,2018-08-21T04:48:33.083,2018-08-21T04:48:33.090
choice-moving,Surfer7@bmm,4845,323,6460,6460,645,NULL,1216756,1216756,1216756,NULL,LIMIT,SELL,1,1,2018-08-21T04:48:34.729,2018-08-21T04:48:34.733
choice-moving,Surfer3@bmm,4841,323,6460,6460,645,NULL,1216757,1216701,1216701,1216701,CANCEL,SELL,4,9,2018-08-21T04:48:35.314,2018-08-21T04:48:35.321
choice-moving,Surfer2@bmm,4840,323,6460,6460,642,NULL,1216758,1216758,1216758,NULL,LIMIT,BUY,1,100,2018-08-21T04:48:35.535,2018-08-21T04:48:35.538
choice-moving,Surfer16@bmm,4854,323,6460,6460,644,NULL,1216759,1216699,1216699,1216699,CANCEL,SELL,1,6,2018-08-21T04:48:36.824,2018-08-21T04:48:36.830
choice-moving,Surfer7@bmm,4845,323,6460,6460,645,NULL,1216760,1216729,1216729,1216729,CANCEL,SELL,1,5,2018-08-21T04:48:38.082,2018-08-21T04:48:38.088
choice-moving,Surfer16@bmm,4854,323,6460,6460,644,NULL,1216761,1216761,1216761,1216789,LIMIT,SELL,1,1,2018-08-21T04:48:38.314,2018-08-21T04:49:19.280
choice-moving,Surfer7@bmm,4845,323,6460,6460,645,NULL,1216762,1216678,1216678,1216678,CANCEL,SELL,1,10,2018-08-21T04:48:39.256,2018-08-21T04:48:39.263
choice-moving,Surfer9@bmm,4847,323,6460,6460,642,NULL,1216763,1216763,1216763,NULL,LIMIT,BUY,1,100,2018-08-21T04:48:39.465,2018-08-21T04:48:39.468
choice-moving,Surfer7@bmm,4845,323,6460,6460,645,NULL,1216764,1216764,1216764,NULL,LIMIT,SELL,1,1,2018-08-21T04:48:40.056,2018-08-21T04:48:40.059
choice-moving,Surfer3@bmm,4841,323,6460,6460,645,NULL,1216765,1216765,1216765,NULL,LIMIT,SELL,4,1,2018-08-21T04:48:40.222,2018-08-21T04:48:40.225
choice-moving,Surfer16@bmm,4854,323,6460,6460,644,NULL,1216766,1216704,1216704,1216704,CANCEL,SELL,1,4,2018-08-21T04:48:41.843,2018-08-21T04:48:41.849
choice-moving,Surfer16@bmm,4854,323,6460,6460,644,NULL,1216767,1216767,1216767,1216841,LIMIT,SELL,1,1,2018-08-21T04:48:43.848,2018-08-21T04:51:26.735
choice-moving,Surfer5@bmm,4843,323,6460,6460,643,NULL,1216768,1216768,1216768,NULL,LIMIT,BUY,1,10,2018-08-21T04:48:44.401,2018-08-21T04:48:44.404
choice-moving,Surfer10@bmm,4848,323,6460,6460,644,NULL,1216769,1216769,1216769,NULL,LIMIT,SELL,1,23,2018-08-21T04:48:47.640,2018-08-21T04:48:47.644
choice-moving,Surfer16@bmm,4854,323,6460,6460,644,NULL,1216770,1216691,1216691,1216691,CANCEL,SELL,1,3,2018-08-21T04:48:49.281,2018-08-21T04:48:49.288
choice-moving,Surfer12@bmm,4850,323,6460,6460,643,NULL,1216771,1216771,1216771,NULL,LIMIT,BUY,1,55,2018-08-21T04:48:49.327,2018-08-21T04:48:49.330
choice-moving,Surfer16@bmm,4854,323,6460,6460,644,NULL,1216772,1216772,1216772,1216842,LIMIT,SELL,1,1,2018-08-21T04:48:50.124,2018-08-21T04:51:32.098
choice-moving,Surfer10@bmm,4848,323,6460,6460,644,NULL,1216773,1216773,1216773,NULL,LIMIT,SELL,1,19,2018-08-21T04:48:51.403,2018-08-21T04:48:51.406
choice-moving,Surfer9@bmm,4847,323,6460,6460,645,NULL,1216774,1216774,1216774,NULL,LIMIT,SELL,1,8,2018-08-21T04:48:52.162,2018-08-21T04:48:52.167
choice-moving,Surfer14@bmm,4852,323,6460,6460,642,NULL,1216775,1216775,1216775,0,LIMIT,SELL,1,99,2018-08-21T04:48:52.343,2018-08-21T04:48:52.353
choice-moving,Surfer14@bmm,4852,323,6460,6460,642,NULL,1216776,1216775,1216775,1216700,LIMIT,SELL,1,100,2018-08-21T04:48:52.349,2018-08-21T04:48:52.353
choice-moving,Surfer10@bmm,4848,323,6460,6460,644,NULL,1216777,1216777,1216777,NULL,LIMIT,SELL,1,25,2018-08-21T04:48:54.441,2018-08-21T04:48:54.444
choice-moving,Surfer4@bmm,4842,323,6460,6460,643,NULL,1216778,1216731,1216731,1216731,CANCEL,BUY,1,98,2018-08-21T04:49:00.994,2018-08-21T04:49:01.001
choice-moving,Surfer14@bmm,4852,323,6460,6460,642,NULL,1216779,1216779,1216779,1216730,LIMIT,SELL,1,100,2018-08-21T04:49:01.122,2018-08-21T04:49:01.131
choice-moving,Surfer5@bmm,4843,323,6460,6460,642,NULL,1216780,1216780,1216780,NULL,LIMIT,BUY,1,15,2018-08-21T04:49:01.592,2018-08-21T04:49:01.595
choice-moving,Surfer17@bmm,4855,323,6460,6460,645,NULL,1216781,1216781,1216781,NULL,LIMIT,SELL,2,20,2018-08-21T04:49:03.198,2018-08-21T04:49:03.201
choice-moving,Surfer2@bmm,4840,323,6460,6460,644,NULL,1216782,1216664,1216664,1216664,CANCEL,SELL,1,10,2018-08-21T04:49:04.791,2018-08-21T04:49:04.798
choice-moving,Surfer13@bmm,4851,323,6460,6460,645,NULL,1216783,1216783,1216783,NULL,LIMIT,SELL,1,1,2018-08-21T04:49:12.600,2018-08-21T04:49:12.603
choice-moving,Surfer4@bmm,4842,323,6460,6460,644,NULL,1216784,1216784,1216784,1216843,LIMIT,SELL,1,1,2018-08-21T04:49:14.262,2018-08-21T04:51:36.332
choice-moving,Surfer2@bmm,4840,323,6460,6460,644,NULL,1216785,1216785,1216785,1216845,LIMIT,SELL,1,1,2018-08-21T04:49:14.536,2018-08-21T04:51:41.165
choice-moving,Surfer7@bmm,4845,323,6460,6460,645,NULL,1216786,1216786,1216786,NULL,LIMIT,SELL,1,1,2018-08-21T04:49:15.507,2018-08-21T04:49:15.510
choice-moving,Surfer7@bmm,4845,323,6460,6460,645,NULL,1216787,1216787,1216787,NULL,LIMIT,SELL,1,1,2018-08-21T04:49:15.969,2018-08-21T04:49:15.972
choice-moving,Surfer9@bmm,4847,323,6460,6460,644,NULL,1216788,1216788,1216788,0,LIMIT,BUY,1,50,2018-08-21T04:49:19.265,2018-08-21T04:49:19.279
choice-moving,Surfer9@bmm,4847,323,6460,6460,644,NULL,1216789,1216788,1216788,1216761,LIMIT,BUY,1,1,2018-08-21T04:49:19.275,2018-08-21T04:49:19.280
choice-moving,Surfer2@bmm,4840,323,6460,6460,644,NULL,1216790,1216677,1216677,1216677,CANCEL,SELL,1,6,2018-08-21T04:49:21.629,2018-08-21T04:49:21.638
choice-moving,Surfer1@bmm,4839,323,6460,6460,643,NULL,1216791,1216791,1216791,1216736,LIMIT,SELL,1,100,2018-08-21T04:49:21.862,2018-08-21T04:49:21.871
choice-moving,Surfer15@bmm,4853,323,6460,6460,645,NULL,1216792,1216740,1216740,1216740,CANCEL,SELL,1,4,2018-08-21T04:49:23.494,2018-08-21T04:49:23.501
choice-moving,Surfer10@bmm,4848,323,6460,6460,645,NULL,1216793,1216793,1216793,0,LIMIT,BUY,1,12,2018-08-21T04:49:23.978,2018-08-21T04:49:24
choice-moving,Surfer10@bmm,4848,323,6460,6460,645,NULL,1216794,1216793,1216793,1216795,LIMIT,BUY,1,1,2018-08-21T04:49:23.989,2018-08-21T04:49:24
choice-moving,Surfer1@bmm,4839,323,6460,6460,645,NULL,1216795,1216748,1216748,1216794,LIMIT,SELL,1,1,2018-08-21T04:49:23.992,2018-08-21T04:49:24
choice-moving,Surfer1@bmm,4839,323,6460,6460,645,NULL,1216796,1216748,1216748,0,LIMIT,SELL,3,1,2018-08-21T04:48:28.753,2018-08-21T04:49:38.635
choice-moving,Surfer2@bmm,4840,323,6460,6460,644,NULL,1216797,1216797,1216797,1216800,LIMIT,SELL,1,0,2018-08-21T04:49:24.184,2018-08-21T04:49:35.778
choice-moving,Surfer17@bmm,4855,323,6460,6460,644,NULL,1216798,1216735,1216735,1216735,CANCEL,SELL,1,14,2018-08-21T04:49:29.186,2018-08-21T04:49:29.192
choice-moving,Surfer17@bmm,4855,323,6460,6460,644,NULL,1216799,1216799,1216799,NULL,LIMIT,SELL,1,3,2018-08-21T04:49:35.659,2018-08-21T04:49:35.662
choice-moving,Surfer14@bmm,4852,323,6460,6460,644,NULL,1216800,1216800,1216800,1216797,LIMIT,BUY,1,0,2018-08-21T04:49:35.771,2018-08-21T04:49:35.778
choice-moving,Surfer10@bmm,4848,323,6460,6460,645,NULL,1216801,1216801,1216801,0,LIMIT,BUY,1,10,2018-08-21T04:49:38.618,2018-08-21T04:49:38.635
choice-moving,Surfer10@bmm,4848,323,6460,6460,645,NULL,1216802,1216801,1216801,1216803,LIMIT,BUY,1,1,2018-08-21T04:49:38.625,2018-08-21T04:49:38.635
choice-moving,Surfer1@bmm,4839,323,6460,6460,645,NULL,1216803,1216748,1216796,1216802,LIMIT,SELL,1,1,2018-08-21T04:49:38.627,2018-08-21T04:49:38.635
choice-moving,Surfer1@bmm,4839,323,6460,6460,645,NULL,1216804,1216748,1216796,NULL,LIMIT,SELL,2,1,2018-08-21T04:48:28.753,2018-08-21T04:49:38.635
choice-moving,Surfer15@bmm,4853,323,6460,6460,645,NULL,1216805,1216805,1216805,1216847,LIMIT,SELL,1,1,2018-08-21T04:49:38.685,2018-08-21T04:51:43.499
choice-moving,Surfer12@bmm,4850,323,6460,6460,643,NULL,1216806,1216806,1216806,1216814,LIMIT,BUY,1,100,2018-08-21T04:49:43.413,2018-08-21T04:50:02.629
choice-moving,Surfer15@bmm,4853,323,6460,6460,645,NULL,1216807,1216807,1216807,1216846,LIMIT,SELL,2,1,2018-08-21T04:49:44.286,2018-08-21T04:51:43.118
choice-moving,Surfer2@bmm,4840,323,6460,6460,644,NULL,1216808,1216697,1216697,1216697,CANCEL,SELL,1,3,2018-08-21T04:49:48.302,2018-08-21T04:49:48.309
choice-moving,Surfer2@bmm,4840,323,6460,6460,644,NULL,1216809,1216809,1216809,1216829,LIMIT,SELL,1,2,2018-08-21T04:49:51.788,2018-08-21T04:50:33.681
choice-moving,Surfer4@bmm,4842,323,6460,6460,644,NULL,1216810,1216690,1216690,1216690,CANCEL,SELL,1,5,2018-08-21T04:49:53.004,2018-08-21T04:49:53.011
choice-moving,Surfer10@bmm,4848,323,6460,6460,645,NULL,1216811,1216811,1216811,NULL,LIMIT,SELL,1,21,2018-08-21T04:49:55.001,2018-08-21T04:49:55.014
choice-moving,Surfer8@bmm,4846,323,6460,6460,642,NULL,1216812,1216812,1216812,NULL,LIMIT,BUY,1,80,2018-08-21T04:49:57.214,2018-08-21T04:49:57.217
choice-moving,Surfer17@bmm,4855,323,6460,6460,645,NULL,1216813,1216813,1216813,NULL,LIMIT,SELL,1,49,2018-08-21T04:50:02.428,2018-08-21T04:50:02.431
choice-moving,Surfer1@bmm,4839,323,6460,6460,643,NULL,1216814,1216814,1216814,1216806,LIMIT,SELL,1,100,2018-08-21T04:50:02.621,2018-08-21T04:50:02.629
choice-moving,Surfer13@bmm,4851,323,6460,6460,642,NULL,1216815,1216734,1216734,1216734,CANCEL,BUY,6,99,2018-08-21T04:50:07.407,2018-08-21T04:50:07.415
choice-moving,Surfer2@bmm,4840,323,6460,6460,643,NULL,1216816,1216739,1216739,1216739,CANCEL,BUY,1,99,2018-08-21T04:50:12.100,2018-08-21T04:50:12.107
choice-moving,Surfer17@bmm,4855,323,6460,6460,643,NULL,1216817,1216817,1216817,1216822,LIMIT,BUY,1,26,2018-08-21T04:50:18.803,2018-08-21T04:50:22.817
choice-moving,Surfer11@bmm,4849,323,6460,6460,643,NULL,1216818,1216616,1216616,1216616,CANCEL,BUY,2,71,2018-08-21T04:50:19.246,2018-08-21T04:50:19.253
choice-moving,Surfer11@bmm,4849,323,6460,6460,642,NULL,1216819,1216588,1216588,1216588,CANCEL,BUY,2,65,2018-08-21T04:50:21.012,2018-08-21T04:50:21.019
choice-moving,Surfer9@bmm,4847,323,6460,6460,643,NULL,1216820,1216820,1216820,1216830,LIMIT,BUY,1,100,2018-08-21T04:50:21.410,2018-08-21T04:50:37.105
choice-moving,Surfer2@bmm,4840,323,6460,6460,643,NULL,1216821,1216821,1216821,NULL,LIMIT,BUY,1,100,2018-08-21T04:50:22.210,2018-08-21T04:50:22.213
choice-moving,Surfer17@bmm,4855,323,6460,6460,643,NULL,1216822,1216817,1216817,1216817,CANCEL,BUY,1,26,2018-08-21T04:50:22.811,2018-08-21T04:50:22.817
choice-moving,Surfer2@bmm,4840,323,6460,6460,643,NULL,1216823,1216733,1216733,1216733,CANCEL,BUY,1,99,2018-08-21T04:50:24.467,2018-08-21T04:50:24.477
choice-moving,Surfer2@bmm,4840,323,6460,6460,643,NULL,1216824,1216725,1216725,1216725,CANCEL,BUY,1,99,2018-08-21T04:50:25.494,2018-08-21T04:50:25.501
choice-moving,Surfer10@bmm,4848,323,6460,6460,642,NULL,1216825,1216825,1216825,1216751,LIMIT,SELL,1,100,2018-08-21T04:50:26.179,2018-08-21T04:50:26.186
choice-moving,Surfer17@bmm,4855,323,6460,6460,643,NULL,1216826,1216652,1216652,1216652,CANCEL,BUY,1,72,2018-08-21T04:50:26.917,2018-08-21T04:50:26.924
choice-moving,Surfer2@bmm,4840,323,6460,6460,643,NULL,1216827,1216827,1216827,NULL,LIMIT,BUY,1,100,2018-08-21T04:50:28.287,2018-08-21T04:50:28.290
choice-moving,Surfer2@bmm,4840,323,6460,6460,643,NULL,1216828,1216828,1216828,NULL,LIMIT,BUY,1,100,2018-08-21T04:50:29.201,2018-08-21T04:50:29.204
choice-moving,Surfer2@bmm,4840,323,6460,6460,644,NULL,1216829,1216809,1216809,1216809,CANCEL,SELL,1,2,2018-08-21T04:50:33.674,2018-08-21T04:50:33.681
choice-moving,Surfer9@bmm,4847,323,6460,6460,643,NULL,1216830,1216820,1216820,1216820,CANCEL,BUY,1,100,2018-08-21T04:50:37.099,2018-08-21T04:50:37.105
choice-moving,Surfer2@bmm,4840,323,6460,6460,644,NULL,1216831,1216831,1216831,1216835,LIMIT,SELL,1,0,2018-08-21T04:50:37.656,2018-08-21T04:50:49.336
choice-moving,Surfer17@bmm,4855,323,6460,6460,643,NULL,1216832,1216832,1216832,NULL,LIMIT,BUY,1,41,2018-08-21T04:50:39.331,2018-08-21T04:50:39.334
choice-moving,Surfer2@bmm,4840,323,6460,6460,642,NULL,1216833,1216754,1216754,1216754,CANCEL,BUY,1,99,2018-08-21T04:50:46.694,2018-08-21T04:50:46.701
choice-moving,Surfer12@bmm,4850,323,6460,6460,645,NULL,1216834,1216743,1216743,1216743,CANCEL,SELL,1,3,2018-08-21T04:50:47.148,2018-08-21T04:50:47.154
choice-moving,Surfer1@bmm,4839,323,6460,6460,644,NULL,1216835,1216835,1216835,1216831,LIMIT,BUY,1,0,2018-08-21T04:50:49.327,2018-08-21T04:50:49.336
choice-moving,Surfer10@bmm,4848,323,6460,6460,645,NULL,1216836,1216836,1216836,NULL,LIMIT,SELL,1,2,2018-08-21T04:50:53.276,2018-08-21T04:50:53.279
choice-moving,Surfer12@bmm,4850,323,6460,6460,645,NULL,1216837,1216837,1216837,NULL,LIMIT,SELL,1,1,2018-08-21T04:50:53.447,2018-08-21T04:50:53.451
choice-moving,Surfer1@bmm,4839,323,6460,6460,644,NULL,1216838,1216838,1216838,1216848,LIMIT,SELL,1,1,2018-08-21T04:51:01.225,2018-08-21T04:51:43.907
choice-moving,Surfer14@bmm,4852,323,6460,6460,644,NULL,1216839,1216839,1216839,1216850,LIMIT,SELL,1,1,2018-08-21T04:51:12.725,2018-08-21T04:51:45.594
choice-moving,Surfer9@bmm,4847,323,6460,6460,645,NULL,1216840,1216840,1216840,NULL,LIMIT,SELL,1,1,2018-08-21T04:51:13.220,2018-08-21T04:51:13.223
choice-moving,Surfer14@bmm,4852,323,6460,6460,644,NULL,1216841,1216841,1216841,1216767,LIMIT,BUY,1,1,2018-08-21T04:51:26.723,2018-08-21T04:51:26.735
choice-moving,Surfer14@bmm,4852,323,6460,6460,644,NULL,1216842,1216842,1216842,1216772,LIMIT,BUY,1,1,2018-08-21T04:51:32.090,2018-08-21T04:51:32.098
choice-moving,Surfer14@bmm,4852,323,6460,6460,644,NULL,1216843,1216843,1216843,1216784,LIMIT,BUY,1,1,2018-08-21T04:51:36.323,2018-08-21T04:51:36.332
choice-moving,Surfer10@bmm,4848,323,6460,6460,643,NULL,1216844,1216844,1216844,NULL,LIMIT,BUY,1,10,2018-08-21T04:51:39.012,2018-08-21T04:51:39.016
choice-moving,Surfer14@bmm,4852,323,6460,6460,644,NULL,1216845,1216845,1216845,1216785,LIMIT,BUY,1,1,2018-08-21T04:51:41.155,2018-08-21T04:51:41.164
choice-moving,Surfer15@bmm,4853,323,6460,6460,645,NULL,1216846,1216807,1216807,1216807,CANCEL,SELL,2,1,2018-08-21T04:51:43.112,2018-08-21T04:51:43.118
choice-moving,Surfer15@bmm,4853,323,6460,6460,645,NULL,1216847,1216805,1216805,1216805,CANCEL,SELL,1,1,2018-08-21T04:51:43.492,2018-08-21T04:51:43.499
choice-moving,Surfer14@bmm,4852,323,6460,6460,644,NULL,1216848,1216848,1216848,1216838,LIMIT,BUY,1,1,2018-08-21T04:51:43.899,2018-08-21T04:51:43.907
choice-moving,Surfer4@bmm,4842,323,6460,6460,644,NULL,1216849,1216737,1216737,1216737,CANCEL,SELL,1,2,2018-08-21T04:51:44.287,2018-08-21T04:51:44.293
choice-moving,Surfer14@bmm,4852,323,6460,6460,644,NULL,1216850,1216850,1216850,1216839,LIMIT,BUY,1,1,2018-08-21T04:51:45.586,2018-08-21T04:51:45.594
choice-moving,Surfer4@bmm,4842,323,6460,6460,644,NULL,1216851,1216851,1216851,0,LIMIT,SELL,4,1,2018-08-21T04:51:48.240,2018-08-21T04:51:51.944
choice-moving,Surfer14@bmm,4852,323,6460,6460,644,NULL,1216852,1216667,1216667,1216667,CANCEL,SELL,1,9,2018-08-21T04:51:48.811,2018-08-21T04:51:48.817
choice-moving,Surfer14@bmm,4852,323,6460,6460,644,NULL,1216853,1216853,1216853,1216854,LIMIT,BUY,1,1,2018-08-21T04:51:51.931,2018-08-21T04:51:51.944
choice-moving,Surfer4@bmm,4842,323,6460,6460,644,NULL,1216854,1216851,1216851,1216853,LIMIT,SELL,1,1,2018-08-21T04:51:51.937,2018-08-21T04:51:51.944
choice-moving,Surfer4@bmm,4842,323,6460,6460,644,NULL,1216855,1216851,1216851,1216856,LIMIT,SELL,3,1,2018-08-21T04:51:48.240,2018-08-21T04:51:53.607
choice-moving,Surfer4@bmm,4842,323,6460,6460,644,NULL,1216856,1216851,1216851,1216855,CANCEL,SELL,3,1,2018-08-21T04:51:53.601,2018-08-21T04:51:53.607