account,email,owner,marketplace,session,period,market,target,order,original,supplier,consumer,type,side,units,price,createdDate,lastModifiedDate
choice-moving,Surfer11@bmm,4849,322,6459,6459,638,NULL,1216153,1216153,1216153,1216416,LIMIT,BUY,4,67,2018-08-21T04:35:24.098,2018-08-21T04:38:57.897
choice-moving,Surfer15@bmm,4853,322,6459,6459,638,NULL,1216162,1216162,1216162,1216174,LIMIT,BUY,1,70,2018-08-21T04:35:33.990,2018-08-21T04:35:48.963
choice-moving,Surfer13@bmm,4851,322,6459,6459,638,NULL,1216170,1216170,1216170,1216288,LIMIT,BUY,1,70,2018-08-21T04:35:45.873,2018-08-21T04:36:44.970
choice-moving,Surfer13@bmm,4851,322,6459,6459,638,NULL,1216171,1216171,1216171,1216275,LIMIT,BUY,1,70,2018-08-21T04:35:46.507,2018-08-21T04:36:41.832
choice-moving,Surfer13@bmm,4851,322,6459,6459,638,NULL,1216172,1216172,1216172,1216271,LIMIT,BUY,1,70,2018-08-21T04:35:47.074,2018-08-21T04:36:40.817
choice-moving,Surfer9@bmm,4847,322,6459,6459,638,NULL,1216174,1216174,1216174,1216162,LIMIT,SELL,1,70,2018-08-21T04:35:48.954,2018-08-21T04:35:48.963
choice-moving,Surfer15@bmm,4853,322,6459,6459,639,NULL,1216176,1216176,1216176,1216358,LIMIT,BUY,1,50,2018-08-21T04:35:50.595,2018-08-21T04:37:55.006
choice-moving,Surfer13@bmm,4851,322,6459,6459,639,NULL,1216178,1216178,1216178,1216252,LIMIT,BUY,1,50,2018-08-21T04:35:53.241,2018-08-21T04:36:36.204
choice-moving,Surfer13@bmm,4851,322,6459,6459,639,NULL,1216179,1216179,1216179,1216247,LIMIT,BUY,1,50,2018-08-21T04:35:53.488,2018-08-21T04:36:34.653
choice-moving,Surfer15@bmm,4853,322,6459,6459,638,NULL,1216183,1216183,1216183,1216301,LIMIT,BUY,3,71,2018-08-21T04:36:07.019,2018-08-21T04:36:58.726
choice-moving,Surfer8@bmm,4846,322,6459,6459,638,NULL,1216184,1216184,1216184,NULL,LIMIT,BUY,1,40,2018-08-21T04:36:08.403,2018-08-21T04:36:08.407
choice-moving,Surfer9@bmm,4847,322,6459,6459,640,NULL,1216187,1216187,1216187,1216361,LIMIT,SELL,1,70,2018-08-21T04:36:12.970,2018-08-21T04:37:55.119
choice-moving,Surfer5@bmm,4843,322,6459,6459,638,NULL,1216189,1216189,1216189,1216304,LIMIT,BUY,1,100,2018-08-21T04:36:14.408,2018-08-21T04:37:03.279
choice-moving,Surfer14@bmm,4852,322,6459,6459,638,NULL,1216192,1216192,1216192,1216346,LIMIT,BUY,1,40,2018-08-21T04:36:15.699,2018-08-21T04:37:39.844
choice-moving,Surfer6@bmm,4844,322,6459,6459,639,NULL,1216203,1216203,1216203,NULL,LIMIT,BUY,1,60,2018-08-21T04:36:17.346,2018-08-21T04:36:17.350
choice-moving,Surfer16@bmm,4854,322,6459,6459,639,NULL,1216219,1216219,1216219,NULL,LIMIT,BUY,1,88,2018-08-21T04:36:21.458,2018-08-21T04:36:21.461
choice-moving,Surfer16@bmm,4854,322,6459,6459,639,NULL,1216220,1216220,1216220,NULL,LIMIT,BUY,1,89,2018-08-21T04:36:22.422,2018-08-21T04:36:22.425
choice-moving,Surfer5@bmm,4843,322,6459,6459,639,NULL,1216221,1216221,1216221,1216226,LIMIT,BUY,1,100,2018-08-21T04:36:23.719,2018-08-21T04:36:30.017
choice-moving,Surfer16@bmm,4854,322,6459,6459,639,NULL,1216222,1216222,1216222,1216317,LIMIT,BUY,1,90,2018-08-21T04:36:23.839,2018-08-21T04:37:10.805
choice-moving,Surfer17@bmm,4855,322,6459,6459,638,NULL,1216223,1216223,1216223,1216513,LIMIT,BUY,3,73,2018-08-21T04:36:26.169,2018-08-21T04:41:18.210
choice-moving,Surfer9@bmm,4847,322,6459,6459,641,NULL,1216224,1216224,1216224,1216300,LIMIT,BUY,1,47,2018-08-21T04:36:28.410,2018-08-21T04:36:57.722
choice-moving,Surfer3@bmm,4841,322,6459,6459,640,NULL,1216225,1216225,1216225,1216281,LIMIT,SELL,4,55,2018-08-21T04:36:29.015,2018-08-21T04:36:42.997
choice-moving,Surfer8@bmm,4846,322,6459,6459,639,NULL,1216226,1216226,1216226,1216221,LIMIT,SELL,1,100,2018-08-21T04:36:30.007,2018-08-21T04:36:30.016
choice-moving,Surfer10@bmm,4848,322,6459,6459,638,NULL,1216232,1216232,1216232,NULL,LIMIT,BUY,1,42,2018-08-21T04:36:31.101,2018-08-21T04:36:31.105
choice-moving,Surfer15@bmm,4853,322,6459,6459,640,NULL,1216242,1216242,1216242,1216330,LIMIT,SELL,1,69,2018-08-21T04:36:33.569,2018-08-21T04:37:19.368
choice-moving,Surfer13@bmm,4851,322,6459,6459,639,NULL,1216247,1216179,1216179,1216179,CANCEL,BUY,1,50,2018-08-21T04:36:34.646,2018-08-21T04:36:34.653
choice-moving,Surfer13@bmm,4851,322,6459,6459,639,NULL,1216252,1216178,1216178,1216178,CANCEL,BUY,1,50,2018-08-21T04:36:36.197,2018-08-21T04:36:36.204
choice-moving,Surfer13@bmm,4851,322,6459,6459,639,NULL,1216259,1216259,1216259,1216318,LIMIT,BUY,1,90,2018-08-21T04:36:38.125,2018-08-21T04:37:10.805
choice-moving,Surfer13@bmm,4851,322,6459,6459,639,NULL,1216262,1216262,1216262,1216545,LIMIT,BUY,1,90,2018-08-21T04:36:38.385,2018-08-21T04:41:59.385
choice-moving,Surfer15@bmm,4853,322,6459,6459,640,NULL,1216265,1216265,1216265,1216291,LIMIT,SELL,1,51,2018-08-21T04:36:39.073,2018-08-21T04:36:45.526
choice-moving,Surfer10@bmm,4848,322,6459,6459,639,NULL,1216267,1216267,1216267,NULL,LIMIT,BUY,1,47,2018-08-21T04:36:39.571,2018-08-21T04:36:39.574
choice-moving,Surfer13@bmm,4851,322,6459,6459,638,NULL,1216271,1216172,1216172,1216172,CANCEL,BUY,1,70,2018-08-21T04:36:40.810,2018-08-21T04:36:40.817
choice-moving,Surfer13@bmm,4851,322,6459,6459,638,NULL,1216275,1216171,1216171,1216171,CANCEL,BUY,1,70,2018-08-21T04:36:41.825,2018-08-21T04:36:41.832
choice-moving,Surfer8@bmm,4846,322,6459,6459,639,NULL,1216276,1216276,1216276,NULL,LIMIT,BUY,1,59,2018-08-21T04:36:42.536,2018-08-21T04:36:42.539
choice-moving,Surfer3@bmm,4841,322,6459,6459,640,NULL,1216281,1216225,1216225,1216225,CANCEL,SELL,4,55,2018-08-21T04:36:42.990,2018-08-21T04:36:42.997
choice-moving,Surfer17@bmm,4855,322,6459,6459,639,NULL,1216285,1216285,1216285,1216509,LIMIT,BUY,1,64,2018-08-21T04:36:44.214,2018-08-21T04:41:07.396
choice-moving,Surfer13@bmm,4851,322,6459,6459,638,NULL,1216288,1216170,1216170,1216170,CANCEL,BUY,1,70,2018-08-21T04:36:44.964,2018-08-21T04:36:44.970
choice-moving,Surfer12@bmm,4850,322,6459,6459,640,NULL,1216290,1216290,1216290,0,LIMIT,BUY,1,69,2018-08-21T04:36:45.513,2018-08-21T04:36:45.526
choice-moving,Surfer12@bmm,4850,322,6459,6459,640,NULL,1216291,1216290,1216290,1216265,LIMIT,BUY,1,51,2018-08-21T04:36:45.522,2018-08-21T04:36:45.527
choice-moving,Surfer13@bmm,4851,322,6459,6459,639,NULL,1216293,1216293,1216293,1216539,LIMIT,BUY,1,90,2018-08-21T04:36:46.640,2018-08-21T04:41:56.900
choice-moving,Surfer13@bmm,4851,322,6459,6459,639,NULL,1216294,1216294,1216294,1216387,LIMIT,BUY,1,90,2018-08-21T04:36:46.777,2018-08-21T04:38:19.777
choice-moving,Surfer13@bmm,4851,322,6459,6459,639,NULL,1216295,1216295,1216295,1216384,LIMIT,BUY,1,90,2018-08-21T04:36:46.923,2018-08-21T04:38:19.066
choice-moving,Surfer3@bmm,4841,322,6459,6459,640,NULL,1216296,1216296,1216296,1216302,LIMIT,SELL,4,68,2018-08-21T04:36:52.458,2018-08-21T04:37:01.242
choice-moving,Surfer8@bmm,4846,322,6459,6459,640,NULL,1216297,1216297,1216297,1216299,LIMIT,BUY,1,62,2018-08-21T04:36:53.369,2018-08-21T04:36:55.234
choice-moving,Surfer5@bmm,4843,322,6459,6459,640,NULL,1216298,1216298,1216298,0,LIMIT,SELL,1,40,2018-08-21T04:36:55.220,2018-08-21T04:36:55.234
choice-moving,Surfer5@bmm,4843,322,6459,6459,640,NULL,1216299,1216298,1216298,1216297,LIMIT,SELL,1,62,2018-08-21T04:36:55.230,2018-08-21T04:36:55.234
choice-moving,Surfer12@bmm,4850,322,6459,6459,641,NULL,1216300,1216300,1216300,1216224,LIMIT,SELL,1,47,2018-08-21T04:36:57.713,2018-08-21T04:36:57.722
choice-moving,Surfer15@bmm,4853,322,6459,6459,638,NULL,1216301,1216183,1216183,1216183,CANCEL,BUY,3,71,2018-08-21T04:36:58.720,2018-08-21T04:36:58.726
choice-moving,Surfer3@bmm,4841,322,6459,6459,640,NULL,1216302,1216296,1216296,1216296,CANCEL,SELL,4,68,2018-08-21T04:37:01.236,2018-08-21T04:37:01.242
choice-moving,Surfer6@bmm,4844,322,6459,6459,640,NULL,1216303,1216303,1216303,1216308,LIMIT,BUY,1,68,2018-08-21T04:37:02.112,2018-08-21T04:37:03.998
choice-moving,Surfer9@bmm,4847,322,6459,6459,638,NULL,1216304,1216304,1216304,1216189,LIMIT,SELL,1,100,2018-08-21T04:37:03.272,2018-08-21T04:37:03.279
choice-moving,Surfer8@bmm,4846,322,6459,6459,640,NULL,1216305,1216305,1216305,1216309,LIMIT,BUY,1,62,2018-08-21T04:37:03.912,2018-08-21T04:37:03.998
choice-moving,Surfer17@bmm,4855,322,6459,6459,640,NULL,1216306,1216306,1216306,0,LIMIT,SELL,2,74,2018-08-21T04:37:03.971,2018-08-21T04:38:01.072
choice-moving,Surfer3@bmm,4841,322,6459,6459,640,NULL,1216307,1216307,1216307,0,LIMIT,SELL,4,61,2018-08-21T04:37:03.978,2018-08-21T04:37:03.997
choice-moving,Surfer3@bmm,4841,322,6459,6459,640,NULL,1216308,1216307,1216307,1216303,LIMIT,SELL,1,68,2018-08-21T04:37:03.986,2018-08-21T04:37:03.998
choice-moving,Surfer3@bmm,4841,322,6459,6459,640,NULL,1216309,1216307,1216307,1216305,LIMIT,SELL,1,62,2018-08-21T04:37:03.990,2018-08-21T04:37:03.998
choice-moving,Surfer3@bmm,4841,322,6459,6459,640,NULL,1216310,1216307,1216307,0,LIMIT,SELL,2,61,2018-08-21T04:37:03.978,2018-08-21T04:37:07.734
choice-moving,Surfer6@bmm,4844,322,6459,6459,640,NULL,1216311,1216311,1216311,0,LIMIT,BUY,1,70,2018-08-21T04:37:07.716,2018-08-21T04:37:07.733
choice-moving,Surfer6@bmm,4844,322,6459,6459,640,NULL,1216312,1216311,1216311,1216313,LIMIT,BUY,1,61,2018-08-21T04:37:07.723,2018-08-21T04:37:07.734
choice-moving,Surfer3@bmm,4841,322,6459,6459,640,NULL,1216313,1216307,1216310,1216312,LIMIT,SELL,1,61,2018-08-21T04:37:07.726,2018-08-21T04:37:07.734
choice-moving,Surfer3@bmm,4841,322,6459,6459,640,NULL,1216314,1216307,1216310,1216322,LIMIT,SELL,1,61,2018-08-21T04:37:03.978,2018-08-21T04:37:13.714
choice-moving,Surfer8@bmm,4846,322,6459,6459,640,NULL,1216315,1216315,1216315,1216325,LIMIT,BUY,1,60,2018-08-21T04:37:08.746,2018-08-21T04:37:16.538
choice-moving,Surfer10@bmm,4848,322,6459,6459,639,NULL,1216316,1216316,1216316,0,LIMIT,SELL,2,90,2018-08-21T04:37:10.787,2018-08-21T04:37:10.805
choice-moving,Surfer10@bmm,4848,322,6459,6459,639,NULL,1216317,1216316,1216316,1216222,LIMIT,SELL,1,90,2018-08-21T04:37:10.797,2018-08-21T04:37:10.805
choice-moving,Surfer10@bmm,4848,322,6459,6459,639,NULL,1216318,1216316,1216316,1216259,LIMIT,SELL,1,90,2018-08-21T04:37:10.801,2018-08-21T04:37:10.805
choice-moving,Surfer7@bmm,4845,322,6459,6459,639,NULL,1216319,1216319,1216319,1216482,LIMIT,BUY,1,91,2018-08-21T04:37:12.616,2018-08-21T04:40:30.693
choice-moving,Surfer7@bmm,4845,322,6459,6459,639,NULL,1216320,1216320,1216320,1216481,LIMIT,BUY,1,91,2018-08-21T04:37:13.118,2018-08-21T04:40:29.943
choice-moving,Surfer11@bmm,4849,322,6459,6459,640,NULL,1216321,1216321,1216321,1216323,LIMIT,SELL,2,72,2018-08-21T04:37:13.297,2018-08-21T04:37:16.338
choice-moving,Surfer3@bmm,4841,322,6459,6459,640,NULL,1216322,1216307,1216310,1216314,CANCEL,SELL,1,61,2018-08-21T04:37:13.708,2018-08-21T04:37:13.714
choice-moving,Surfer11@bmm,4849,322,6459,6459,640,NULL,1216323,1216321,1216321,1216321,CANCEL,SELL,2,72,2018-08-21T04:37:16.331,2018-08-21T04:37:16.338
choice-moving,Surfer15@bmm,4853,322,6459,6459,640,NULL,1216324,1216324,1216324,0,LIMIT,SELL,2,58,2018-08-21T04:37:16.524,2018-08-21T04:37:16.538
choice-moving,Surfer15@bmm,4853,322,6459,6459,640,NULL,1216325,1216324,1216324,1216315,LIMIT,SELL,1,60,2018-08-21T04:37:16.531,2018-08-21T04:37:16.538
choice-moving,Surfer15@bmm,4853,322,6459,6459,640,NULL,1216326,1216324,1216324,1216329,LIMIT,SELL,1,58,2018-08-21T04:37:16.524,2018-08-21T04:37:19.368
choice-moving,Surfer12@bmm,4850,322,6459,6459,638,NULL,1216327,1216327,1216327,NULL,LIMIT,BUY,1,69,2018-08-21T04:37:17.808,2018-08-21T04:37:17.812
choice-moving,Surfer11@bmm,4849,322,6459,6459,640,NULL,1216328,1216328,1216328,0,LIMIT,BUY,2,72,2018-08-21T04:37:19.352,2018-08-21T04:37:19.367
choice-moving,Surfer11@bmm,4849,322,6459,6459,640,NULL,1216329,1216328,1216328,1216326,LIMIT,BUY,1,58,2018-08-21T04:37:19.359,2018-08-21T04:37:19.368
choice-moving,Surfer11@bmm,4849,322,6459,6459,640,NULL,1216330,1216328,1216328,1216242,LIMIT,BUY,1,69,2018-08-21T04:37:19.363,2018-08-21T04:37:19.368
choice-moving,Surfer7@bmm,4845,322,6459,6459,640,NULL,1216331,1216331,1216331,1216347,LIMIT,SELL,1,65,2018-08-21T04:37:24.709,2018-08-21T04:37:40.492
choice-moving,Surfer12@bmm,4850,322,6459,6459,639,NULL,1216332,1216332,1216332,NULL,LIMIT,BUY,1,85,2018-08-21T04:37:26.025,2018-08-21T04:37:26.029
choice-moving,Surfer7@bmm,4845,322,6459,6459,640,NULL,1216333,1216333,1216333,1216357,LIMIT,SELL,1,65,2018-08-21T04:37:26.365,2018-08-21T04:37:52.801
choice-moving,Surfer16@bmm,4854,322,6459,6459,641,NULL,1216334,1216334,1216334,NULL,LIMIT,SELL,1,20,2018-08-21T04:37:28.655,2018-08-21T04:37:28.658
choice-moving,Surfer16@bmm,4854,322,6459,6459,641,NULL,1216335,1216335,1216335,NULL,LIMIT,SELL,1,20,2018-08-21T04:37:28.901,2018-08-21T04:37:28.905
choice-moving,Surfer8@bmm,4846,322,6459,6459,641,NULL,1216336,1216336,1216336,NULL,LIMIT,SELL,1,32,2018-08-21T04:37:29.593,2018-08-21T04:37:29.596
choice-moving,Surfer16@bmm,4854,322,6459,6459,641,NULL,1216337,1216337,1216337,NULL,LIMIT,SELL,1,19,2018-08-21T04:37:30.462,2018-08-21T04:37:30.466
choice-moving,Surfer8@bmm,4846,322,6459,6459,641,NULL,1216338,1216338,1216338,1216351,LIMIT,SELL,1,32,2018-08-21T04:37:31.987,2018-08-21T04:37:45.813
choice-moving,Surfer16@bmm,4854,322,6459,6459,641,NULL,1216339,1216339,1216339,NULL,LIMIT,SELL,1,18,2018-08-21T04:37:32.240,2018-08-21T04:37:32.243
choice-moving,Surfer6@bmm,4844,322,6459,6459,640,NULL,1216340,1216340,1216340,1216360,LIMIT,SELL,1,65,2018-08-21T04:37:33.475,2018-08-21T04:37:55.119
choice-moving,Surfer12@bmm,4850,322,6459,6459,641,NULL,1216341,1216341,1216341,NULL,LIMIT,SELL,1,38,2018-08-21T04:37:33.570,2018-08-21T04:37:33.574
choice-moving,Surfer8@bmm,4846,322,6459,6459,641,NULL,1216342,1216342,1216342,1216350,LIMIT,SELL,1,32,2018-08-21T04:37:33.664,2018-08-21T04:37:44.864
choice-moving,Surfer4@bmm,4842,322,6459,6459,641,NULL,1216343,1216343,1216343,1216430,LIMIT,SELL,1,10,2018-08-21T04:37:36.060,2018-08-21T04:39:14.260
choice-moving,Surfer8@bmm,4846,322,6459,6459,641,NULL,1216344,1216344,1216344,1216349,LIMIT,SELL,1,32,2018-08-21T04:37:36.315,2018-08-21T04:37:43.239
choice-moving,Surfer4@bmm,4842,322,6459,6459,641,NULL,1216345,1216345,1216345,1216428,LIMIT,SELL,1,10,2018-08-21T04:37:37.901,2018-08-21T04:39:12.052
choice-moving,Surfer14@bmm,4852,322,6459,6459,638,NULL,1216346,1216192,1216192,1216192,CANCEL,BUY,1,40,2018-08-21T04:37:39.838,2018-08-21T04:37:39.844
choice-moving,Surfer6@bmm,4844,322,6459,6459,640,NULL,1216347,1216347,1216347,1216331,LIMIT,BUY,1,65,2018-08-21T04:37:40.483,2018-08-21T04:37:40.492
choice-moving,Surfer3@bmm,4841,322,6459,6459,638,NULL,1216348,1216348,1216348,1216363,LIMIT,BUY,1,81,2018-08-21T04:37:43.176,2018-08-21T04:37:58.028
choice-moving,Surfer8@bmm,4846,322,6459,6459,641,NULL,1216349,1216344,1216344,1216344,CANCEL,SELL,1,32,2018-08-21T04:37:43.233,2018-08-21T04:37:43.239
choice-moving,Surfer8@bmm,4846,322,6459,6459,641,NULL,1216350,1216342,1216342,1216342,CANCEL,SELL,1,32,2018-08-21T04:37:44.858,2018-08-21T04:37:44.864
choice-moving,Surfer8@bmm,4846,322,6459,6459,641,NULL,1216351,1216338,1216338,1216338,CANCEL,SELL,1,32,2018-08-21T04:37:45.807,2018-08-21T04:37:45.813
choice-moving,Surfer4@bmm,4842,322,6459,6459,638,NULL,1216352,1216352,1216352,1216397,LIMIT,BUY,1,90,2018-08-21T04:37:46.294,2018-08-21T04:38:27.293
choice-moving,Surfer12@bmm,4850,322,6459,6459,638,NULL,1216353,1216353,1216353,NULL,LIMIT,BUY,1,90,2018-08-21T04:37:48.124,2018-08-21T04:37:48.127
choice-moving,Surfer14@bmm,4852,322,6459,6459,638,NULL,1216354,1216354,1216354,NULL,LIMIT,BUY,1,95,2018-08-21T04:37:48.172,2018-08-21T04:37:48.175
choice-moving,Surfer10@bmm,4848,322,6459,6459,641,NULL,1216355,1216355,1216355,NULL,LIMIT,SELL,2,27,2018-08-21T04:37:49.124,2018-08-21T04:37:49.127
choice-moving,Surfer5@bmm,4843,322,6459,6459,639,NULL,1216356,1216356,1216356,1216380,LIMIT,BUY,1,40,2018-08-21T04:37:51.175,2018-08-21T04:38:15.536
choice-moving,Surfer6@bmm,4844,322,6459,6459,640,NULL,1216357,1216357,1216357,1216333,LIMIT,BUY,1,65,2018-08-21T04:37:52.793,2018-08-21T04:37:52.800
choice-moving,Surfer15@bmm,4853,322,6459,6459,639,NULL,1216358,1216176,1216176,1216176,CANCEL,BUY,1,50,2018-08-21T04:37:54.998,2018-08-21T04:37:55.005
choice-moving,Surfer11@bmm,4849,322,6459,6459,640,NULL,1216359,1216359,1216359,0,LIMIT,BUY,2,72,2018-08-21T04:37:55.104,2018-08-21T04:37:55.119
choice-moving,Surfer11@bmm,4849,322,6459,6459,640,NULL,1216360,1216359,1216359,1216340,LIMIT,BUY,1,65,2018-08-21T04:37:55.111,2018-08-21T04:37:55.119
choice-moving,Surfer11@bmm,4849,322,6459,6459,640,NULL,1216361,1216359,1216359,1216187,LIMIT,BUY,1,70,2018-08-21T04:37:55.115,2018-08-21T04:37:55.120
choice-moving,Surfer3@bmm,4841,322,6459,6459,639,NULL,1216362,1216362,1216362,1216571,LIMIT,BUY,1,92,2018-08-21T04:37:55.324,2018-08-21T04:43:26.215
choice-moving,Surfer3@bmm,4841,322,6459,6459,638,NULL,1216363,1216348,1216348,1216348,CANCEL,BUY,1,81,2018-08-21T04:37:58.022,2018-08-21T04:37:58.028
choice-moving,Surfer14@bmm,4852,322,6459,6459,639,NULL,1216364,1216364,1216364,1216376,LIMIT,SELL,1,99,2018-08-21T04:37:58.818,2018-08-21T04:38:09
choice-moving,Surfer12@bmm,4850,322,6459,6459,638,NULL,1216365,1216365,1216365,NULL,LIMIT,BUY,1,25,2018-08-21T04:37:59.501,2018-08-21T04:37:59.504
choice-moving,Surfer6@bmm,4844,322,6459,6459,640,NULL,1216366,1216366,1216366,0,LIMIT,BUY,1,75,2018-08-21T04:38:01.053,2018-08-21T04:38:01.072
choice-moving,Surfer6@bmm,4844,322,6459,6459,640,NULL,1216367,1216366,1216366,1216368,LIMIT,BUY,1,74,2018-08-21T04:38:01.061,2018-08-21T04:38:01.072
choice-moving,Surfer17@bmm,4855,322,6459,6459,640,NULL,1216368,1216306,1216306,1216367,LIMIT,SELL,1,74,2018-08-21T04:38:01.064,2018-08-21T04:38:01.072
choice-moving,Surfer17@bmm,4855,322,6459,6459,640,NULL,1216369,1216306,1216306,1216372,LIMIT,SELL,1,74,2018-08-21T04:37:03.971,2018-08-21T04:38:03.581
choice-moving,Surfer2@bmm,4840,322,6459,6459,638,NULL,1216370,1216370,1216370,NULL,LIMIT,BUY,1,96,2018-08-21T04:38:02.157,2018-08-21T04:38:02.161
choice-moving,Surfer6@bmm,4844,322,6459,6459,640,NULL,1216371,1216371,1216371,0,LIMIT,BUY,1,75,2018-08-21T04:38:03.570,2018-08-21T04:38:03.581
choice-moving,Surfer6@bmm,4844,322,6459,6459,640,NULL,1216372,1216371,1216371,1216369,LIMIT,BUY,1,74,2018-08-21T04:38:03.577,2018-08-21T04:38:03.581
choice-moving,Surfer3@bmm,4841,322,6459,6459,638,NULL,1216373,1216373,1216373,NULL,LIMIT,BUY,1,99,2018-08-21T04:38:05.700,2018-08-21T04:38:05.703
choice-moving,Surfer12@bmm,4850,322,6459,6459,638,NULL,1216374,1216374,1216374,NULL,LIMIT,BUY,1,60,2018-08-21T04:38:05.866,2018-08-21T04:38:05.870
choice-moving,Surfer2@bmm,4840,322,6459,6459,638,NULL,1216375,1216375,1216375,1216486,LIMIT,BUY,1,90,2018-08-21T04:38:08.862,2018-08-21T04:40:35.552
choice-moving,Surfer5@bmm,4843,322,6459,6459,639,NULL,1216376,1216376,1216376,1216364,LIMIT,BUY,1,99,2018-08-21T04:38:08.993,2018-08-21T04:38:09
choice-moving,Surfer1@bmm,4839,322,6459,6459,639,NULL,1216377,1216377,1216377,1216378,LIMIT,BUY,1,99,2018-08-21T04:38:10.478,2018-08-21T04:38:12.515
choice-moving,Surfer1@bmm,4839,322,6459,6459,639,NULL,1216378,1216377,1216377,1216377,CANCEL,BUY,1,99,2018-08-21T04:38:12.508,2018-08-21T04:38:12.515
choice-moving,Surfer2@bmm,4840,322,6459,6459,638,NULL,1216379,1216379,1216379,1216485,LIMIT,BUY,1,86,2018-08-21T04:38:12.698,2018-08-21T04:40:34.555
choice-moving,Surfer5@bmm,4843,322,6459,6459,639,NULL,1216380,1216356,1216356,1216356,CANCEL,BUY,1,40,2018-08-21T04:38:15.529,2018-08-21T04:38:15.536
choice-moving,Surfer7@bmm,4845,322,6459,6459,640,NULL,1216381,1216381,1216381,1216389,LIMIT,SELL,1,65,2018-08-21T04:38:16.812,2018-08-21T04:38:20.555
choice-moving,Surfer4@bmm,4842,322,6459,6459,639,NULL,1216382,1216382,1216382,1216502,LIMIT,BUY,1,95,2018-08-21T04:38:16.994,2018-08-21T04:40:54.572
choice-moving,Surfer1@bmm,4839,322,6459,6459,639,NULL,1216383,1216383,1216383,1216487,LIMIT,BUY,1,99,2018-08-21T04:38:18.319,2018-08-21T04:40:38.578
choice-moving,Surfer13@bmm,4851,322,6459,6459,639,NULL,1216384,1216295,1216295,1216295,CANCEL,BUY,1,90,2018-08-21T04:38:19.059,2018-08-21T04:38:19.066
choice-moving,Surfer2@bmm,4840,322,6459,6459,638,NULL,1216385,1216385,1216385,1216510,LIMIT,BUY,1,92,2018-08-21T04:38:19.236,2018-08-21T04:41:09.612
choice-moving,Surfer13@bmm,4851,322,6459,6459,639,NULL,1216386,1216295,1216295,1216386,CANCEL,BUY,1,90,2018-08-21T04:38:19.322,2018-08-21T04:38:19.328
choice-moving,Surfer13@bmm,4851,322,6459,6459,639,NULL,1216387,1216294,1216294,1216294,CANCEL,BUY,1,90,2018-08-21T04:38:19.762,2018-08-21T04:38:19.776
choice-moving,Surfer11@bmm,4849,322,6459,6459,640,NULL,1216388,1216388,1216388,0,LIMIT,BUY,2,72,2018-08-21T04:38:20.540,2018-08-21T04:38:20.555
choice-moving,Surfer11@bmm,4849,322,6459,6459,640,NULL,1216389,1216388,1216388,1216381,LIMIT,BUY,1,65,2018-08-21T04:38:20.547,2018-08-21T04:38:20.555
choice-moving,Surfer11@bmm,4849,322,6459,6459,640,NULL,1216390,1216388,1216388,1216394,LIMIT,BUY,1,72,2018-08-21T04:38:20.540,2018-08-21T04:38:23.437
choice-moving,Surfer12@bmm,4850,322,6459,6459,638,NULL,1216391,1216391,1216391,1216439,LIMIT,BUY,1,100,2018-08-21T04:38:21.981,2018-08-21T04:39:25.588
choice-moving,Surfer9@bmm,4847,322,6459,6459,639,NULL,1216392,1216392,1216392,1216427,LIMIT,BUY,1,100,2018-08-21T04:38:22.119,2018-08-21T04:39:09.076
choice-moving,Surfer3@bmm,4841,322,6459,6459,640,NULL,1216393,1216393,1216393,0,LIMIT,SELL,1,70,2018-08-21T04:38:23.426,2018-08-21T04:38:23.437
choice-moving,Surfer3@bmm,4841,322,6459,6459,640,NULL,1216394,1216393,1216393,1216390,LIMIT,SELL,1,72,2018-08-21T04:38:23.433,2018-08-21T04:38:23.437
choice-moving,Surfer4@bmm,4842,322,6459,6459,641,NULL,1216395,1216395,1216395,1216405,LIMIT,SELL,1,5,2018-08-21T04:38:23.486,2018-08-21T04:38:43.291
choice-moving,Surfer7@bmm,4845,322,6459,6459,640,NULL,1216396,1216396,1216396,1216399,LIMIT,SELL,1,90,2018-08-21T04:38:26.832,2018-08-21T04:38:31.176
choice-moving,Surfer4@bmm,4842,322,6459,6459,638,NULL,1216397,1216352,1216352,1216352,CANCEL,BUY,1,90,2018-08-21T04:38:27.287,2018-08-21T04:38:27.293
choice-moving,Surfer14@bmm,4852,322,6459,6459,641,NULL,1216398,1216398,1216398,1216408,LIMIT,SELL,1,5,2018-08-21T04:38:29.268,2018-08-21T04:38:49.497
choice-moving,Surfer6@bmm,4844,322,6459,6459,640,NULL,1216399,1216399,1216399,1216396,LIMIT,BUY,1,90,2018-08-21T04:38:31.167,2018-08-21T04:38:31.175
choice-moving,Surfer13@bmm,4851,322,6459,6459,639,NULL,1216400,1216400,1216400,1216503,LIMIT,BUY,1,95,2018-08-21T04:38:31.985,2018-08-21T04:40:55.283
choice-moving,Surfer8@bmm,4846,322,6459,6459,640,NULL,1216401,1216401,1216401,1216403,LIMIT,BUY,1,62,2018-08-21T04:38:33.606,2018-08-21T04:38:42.389
choice-moving,Surfer5@bmm,4843,322,6459,6459,640,NULL,1216402,1216402,1216402,0,LIMIT,SELL,1,30,2018-08-21T04:38:42.378,2018-08-21T04:38:42.389
choice-moving,Surfer5@bmm,4843,322,6459,6459,640,NULL,1216403,1216402,1216402,1216401,LIMIT,SELL,1,62,2018-08-21T04:38:42.385,2018-08-21T04:38:42.389
choice-moving,Surfer2@bmm,4840,322,6459,6459,641,NULL,1216404,1216404,1216404,1216519,LIMIT,SELL,1,19,2018-08-21T04:38:42.722,2018-08-21T04:41:34.981
choice-moving,Surfer10@bmm,4848,322,6459,6459,641,NULL,1216405,1216405,1216405,1216395,LIMIT,BUY,1,5,2018-08-21T04:38:43.283,2018-08-21T04:38:43.290
choice-moving,Surfer2@bmm,4840,322,6459,6459,641,NULL,1216406,1216406,1216406,1216536,LIMIT,SELL,1,11,2018-08-21T04:38:48.691,2018-08-21T04:41:56.561
choice-moving,Surfer10@bmm,4848,322,6459,6459,641,NULL,1216407,1216407,1216407,0,LIMIT,BUY,1,18,2018-08-21T04:38:49.486,2018-08-21T04:38:49.496
choice-moving,Surfer10@bmm,4848,322,6459,6459,641,NULL,1216408,1216407,1216407,1216398,LIMIT,BUY,1,5,2018-08-21T04:38:49.493,2018-08-21T04:38:49.497
choice-moving,Surfer6@bmm,4844,322,6459,6459,640,NULL,1216409,1216409,1216409,1216414,LIMIT,BUY,1,64,2018-08-21T04:38:51.359,2018-08-21T04:38:54.490
choice-moving,Surfer2@bmm,4840,322,6459,6459,641,NULL,1216410,1216410,1216410,1216412,LIMIT,SELL,1,8,2018-08-21T04:38:52.292,2018-08-21T04:38:52.933
choice-moving,Surfer10@bmm,4848,322,6459,6459,641,NULL,1216411,1216411,1216411,0,LIMIT,BUY,1,18,2018-08-21T04:38:52.921,2018-08-21T04:38:52.933
choice-moving,Surfer10@bmm,4848,322,6459,6459,641,NULL,1216412,1216411,1216411,1216410,LIMIT,BUY,1,8,2018-08-21T04:38:52.929,2018-08-21T04:38:52.933
choice-moving,Surfer17@bmm,4855,322,6459,6459,640,NULL,1216413,1216413,1216413,1216417,LIMIT,SELL,1,85,2018-08-21T04:38:52.940,2018-08-21T04:38:59.611
choice-moving,Surfer1@bmm,4839,322,6459,6459,640,NULL,1216414,1216414,1216414,1216409,LIMIT,SELL,1,64,2018-08-21T04:38:54.483,2018-08-21T04:38:54.490
choice-moving,Surfer12@bmm,4850,322,6459,6459,638,NULL,1216415,1216415,1216415,1216420,LIMIT,BUY,1,68,2018-08-21T04:38:56.262,2018-08-21T04:39:02.928
choice-moving,Surfer11@bmm,4849,322,6459,6459,638,NULL,1216416,1216153,1216153,1216153,CANCEL,BUY,4,67,2018-08-21T04:38:57.891,2018-08-21T04:38:57.897
choice-moving,Surfer6@bmm,4844,322,6459,6459,640,NULL,1216417,1216417,1216417,1216413,LIMIT,BUY,1,85,2018-08-21T04:38:59.604,2018-08-21T04:38:59.610
choice-moving,Surfer5@bmm,4843,322,6459,6459,640,NULL,1216418,1216418,1216418,1216422,LIMIT,SELL,1,30,2018-08-21T04:39:00.798,2018-08-21T04:39:04.561
choice-moving,Surfer2@bmm,4840,322,6459,6459,641,NULL,1216419,1216419,1216419,1216540,LIMIT,SELL,1,9,2018-08-21T04:39:01.539,2018-08-21T04:41:57.542
choice-moving,Surfer12@bmm,4850,322,6459,6459,638,NULL,1216420,1216415,1216415,1216415,CANCEL,BUY,1,68,2018-08-21T04:39:02.922,2018-08-21T04:39:02.928
choice-moving,Surfer11@bmm,4849,322,6459,6459,640,NULL,1216421,1216421,1216421,0,LIMIT,BUY,2,44,2018-08-21T04:39:04.546,2018-08-21T04:39:04.561
choice-moving,Surfer11@bmm,4849,322,6459,6459,640,NULL,1216422,1216421,1216421,1216418,LIMIT,BUY,1,30,2018-08-21T04:39:04.554,2018-08-21T04:39:04.561
choice-moving,Surfer11@bmm,4849,322,6459,6459,640,NULL,1216423,1216421,1216421,1216570,LIMIT,BUY,1,44,2018-08-21T04:39:04.546,2018-08-21T04:43:16.175
choice-moving,Surfer15@bmm,4853,322,6459,6459,640,NULL,1216424,1216424,1216424,1216426,LIMIT,BUY,1,30,2018-08-21T04:39:04.927,2018-08-21T04:39:08.649
choice-moving,Surfer4@bmm,4842,322,6459,6459,640,NULL,1216425,1216425,1216425,1216435,LIMIT,BUY,1,30,2018-08-21T04:39:05.879,2018-08-21T04:39:23.266
choice-moving,Surfer15@bmm,4853,322,6459,6459,640,NULL,1216426,1216424,1216424,1216424,CANCEL,BUY,1,30,2018-08-21T04:39:08.642,2018-08-21T04:39:08.649
choice-moving,Surfer10@bmm,4848,322,6459,6459,639,NULL,1216427,1216427,1216427,1216392,LIMIT,SELL,1,100,2018-08-21T04:39:09.066,2018-08-21T04:39:09.076
choice-moving,Surfer4@bmm,4842,322,6459,6459,641,NULL,1216428,1216345,1216345,1216345,CANCEL,SELL,1,10,2018-08-21T04:39:12.045,2018-08-21T04:39:12.051
choice-moving,Surfer15@bmm,4853,322,6459,6459,640,NULL,1216429,1216429,1216429,1216455,LIMIT,BUY,1,30,2018-08-21T04:39:12.627,2018-08-21T04:39:44.116
choice-moving,Surfer4@bmm,4842,322,6459,6459,641,NULL,1216430,1216343,1216343,1216343,CANCEL,SELL,1,10,2018-08-21T04:39:14.254,2018-08-21T04:39:14.260
choice-moving,Surfer12@bmm,4850,322,6459,6459,640,NULL,1216431,1216431,1216431,1216442,LIMIT,BUY,1,89,2018-08-21T04:39:15.108,2018-08-21T04:39:27.818
choice-moving,Surfer6@bmm,4844,322,6459,6459,640,NULL,1216432,1216432,1216432,NULL,LIMIT,BUY,1,50,2018-08-21T04:39:15.314,2018-08-21T04:39:15.317
choice-moving,Surfer14@bmm,4852,322,6459,6459,641,NULL,1216433,1216433,1216433,1216451,LIMIT,SELL,1,40,2018-08-21T04:39:17.477,2018-08-21T04:39:36.933
choice-moving,Surfer4@bmm,4842,322,6459,6459,641,NULL,1216434,1216434,1216434,1216464,LIMIT,SELL,1,6,2018-08-21T04:39:20.588,2018-08-21T04:39:57.082
choice-moving,Surfer4@bmm,4842,322,6459,6459,640,NULL,1216435,1216425,1216425,1216425,CANCEL,BUY,1,30,2018-08-21T04:39:23.259,2018-08-21T04:39:23.265
choice-moving,Surfer7@bmm,4845,322,6459,6459,640,NULL,1216436,1216436,1216436,1216476,LIMIT,BUY,1,88,2018-08-21T04:39:25.134,2018-08-21T04:40:23.334
choice-moving,Surfer6@bmm,4844,322,6459,6459,641,NULL,1216437,1216437,1216437,NULL,LIMIT,SELL,1,5,2018-08-21T04:39:25.210,2018-08-21T04:39:25.213
choice-moving,Surfer9@bmm,4847,322,6459,6459,638,NULL,1216438,1216438,1216438,0,LIMIT,SELL,1,0,2018-08-21T04:39:25.577,2018-08-21T04:39:25.588
choice-moving,Surfer9@bmm,4847,322,6459,6459,638,NULL,1216439,1216438,1216438,1216391,LIMIT,SELL,1,100,2018-08-21T04:39:25.584,2018-08-21T04:39:25.588
choice-moving,Surfer7@bmm,4845,322,6459,6459,640,NULL,1216440,1216440,1216440,1216475,LIMIT,BUY,1,88,2018-08-21T04:39:25.733,2018-08-21T04:40:22.607
choice-moving,Surfer5@bmm,4843,322,6459,6459,640,NULL,1216441,1216441,1216441,0,LIMIT,SELL,1,50,2018-08-21T04:39:27.807,2018-08-21T04:39:27.818
choice-moving,Surfer5@bmm,4843,322,6459,6459,640,NULL,1216442,1216441,1216441,1216431,LIMIT,SELL,1,89,2018-08-21T04:39:27.814,2018-08-21T04:39:27.818
choice-moving,Surfer7@bmm,4845,322,6459,6459,640,NULL,1216443,1216443,1216443,1216467,LIMIT,BUY,1,90,2018-08-21T04:39:28.640,2018-08-21T04:40:04.776
choice-moving,Surfer7@bmm,4845,322,6459,6459,640,NULL,1216444,1216444,1216444,1216542,LIMIT,BUY,1,90,2018-08-21T04:39:28.876,2018-08-21T04:41:58.904
choice-moving,Surfer7@bmm,4845,322,6459,6459,640,NULL,1216445,1216445,1216445,1216532,LIMIT,BUY,1,90,2018-08-21T04:39:29.584,2018-08-21T04:41:52.642
choice-moving,Surfer15@bmm,4853,322,6459,6459,640,NULL,1216446,1216446,1216446,1216458,LIMIT,BUY,1,29,2018-08-21T04:39:29.616,2018-08-21T04:39:49.264
choice-moving,Surfer13@bmm,4851,322,6459,6459,639,NULL,1216447,1216447,1216447,1216495,LIMIT,BUY,1,99,2018-08-21T04:39:30.646,2018-08-21T04:40:48.888
choice-moving,Surfer7@bmm,4845,322,6459,6459,640,NULL,1216448,1216448,1216448,1216530,LIMIT,BUY,1,90,2018-08-21T04:39:31.486,2018-08-21T04:41:48.326
choice-moving,Surfer4@bmm,4842,322,6459,6459,638,NULL,1216449,1216449,1216449,1216470,LIMIT,BUY,1,90,2018-08-21T04:39:34.132,2018-08-21T04:40:13.032
choice-moving,Surfer10@bmm,4848,322,6459,6459,638,NULL,1216450,1216450,1216450,NULL,LIMIT,BUY,1,47,2018-08-21T04:39:36.536,2018-08-21T04:39:36.539
choice-moving,Surfer14@bmm,4852,322,6459,6459,641,NULL,1216451,1216433,1216433,1216433,CANCEL,SELL,1,40,2018-08-21T04:39:36.927,2018-08-21T04:39:36.933
choice-moving,Surfer13@bmm,4851,322,6459,6459,639,NULL,1216452,1216452,1216452,1216498,LIMIT,BUY,1,99,2018-08-21T04:39:38.918,2018-08-21T04:40:51.559
choice-moving,Surfer12@bmm,4850,322,6459,6459,641,NULL,1216453,1216453,1216453,NULL,LIMIT,SELL,1,10,2018-08-21T04:39:40.338,2018-08-21T04:39:40.341
choice-moving,Surfer14@bmm,4852,322,6459,6459,641,NULL,1216454,1216454,1216454,NULL,LIMIT,SELL,1,3,2018-08-21T04:39:41.637,2018-08-21T04:39:41.640
choice-moving,Surfer15@bmm,4853,322,6459,6459,640,NULL,1216455,1216429,1216429,1216429,CANCEL,BUY,1,30,2018-08-21T04:39:44.110,2018-08-21T04:39:44.116
choice-moving,Surfer7@bmm,4845,322,6459,6459,640,NULL,1216456,1216456,1216456,1216523,LIMIT,BUY,1,90,2018-08-21T04:39:46.272,2018-08-21T04:41:41.618
choice-moving,Surfer2@bmm,4840,322,6459,6459,639,NULL,1216457,1216457,1216457,1216573,LIMIT,BUY,1,84,2018-08-21T04:39:47.515,2018-08-21T04:43:34.628
choice-moving,Surfer15@bmm,4853,322,6459,6459,640,NULL,1216458,1216446,1216446,1216446,CANCEL,BUY,1,29,2018-08-21T04:39:49.258,2018-08-21T04:39:49.264
choice-moving,Surfer4@bmm,4842,322,6459,6459,639,NULL,1216459,1216459,1216459,1216460,LIMIT,SELL,1,100,2018-08-21T04:39:49.666,2018-08-21T04:39:50.470
choice-moving,Surfer7@bmm,4845,322,6459,6459,639,NULL,1216460,1216460,1216460,1216459,LIMIT,BUY,1,100,2018-08-21T04:39:50.463,2018-08-21T04:39:50.470
choice-moving,Surfer15@bmm,4853,322,6459,6459,640,NULL,1216461,1216461,1216461,1216562,LIMIT,BUY,1,43,2018-08-21T04:39:53.004,2018-08-21T04:42:52.263
choice-moving,Surfer7@bmm,4845,322,6459,6459,639,NULL,1216462,1216462,1216462,1216474,LIMIT,BUY,1,100,2018-08-21T04:39:54.582,2018-08-21T04:40:21.169
choice-moving,Surfer2@bmm,4840,322,6459,6459,639,NULL,1216463,1216463,1216463,1216579,LIMIT,BUY,1,92,2018-08-21T04:39:56.868,2018-08-21T04:43:43.577
choice-moving,Surfer4@bmm,4842,322,6459,6459,641,NULL,1216464,1216434,1216434,1216434,CANCEL,SELL,1,6,2018-08-21T04:39:57.076,2018-08-21T04:39:57.082
choice-moving,Surfer4@bmm,4842,322,6459,6459,641,NULL,1216465,1216465,1216465,1216567,LIMIT,SELL,1,2,2018-08-21T04:40:03.972,2018-08-21T04:43:03.559
choice-moving,Surfer2@bmm,4840,322,6459,6459,639,NULL,1216466,1216466,1216466,NULL,LIMIT,BUY,1,95,2018-08-21T04:40:04.070,2018-08-21T04:40:04.073
choice-moving,Surfer9@bmm,4847,322,6459,6459,640,NULL,1216467,1216467,1216467,1216443,LIMIT,SELL,1,90,2018-08-21T04:40:04.767,2018-08-21T04:40:04.776
choice-moving,Surfer17@bmm,4855,322,6459,6459,640,NULL,1216468,1216468,1216468,1216554,LIMIT,BUY,1,44,2018-08-21T04:40:06.757,2018-08-21T04:42:15.922
choice-moving,Surfer2@bmm,4840,322,6459,6459,639,NULL,1216469,1216469,1216469,1216507,LIMIT,BUY,1,99,2018-08-21T04:40:09.755,2018-08-21T04:41:04.424
choice-moving,Surfer4@bmm,4842,322,6459,6459,638,NULL,1216470,1216449,1216449,1216449,CANCEL,BUY,1,90,2018-08-21T04:40:13.025,2018-08-21T04:40:13.032
choice-moving,Surfer12@bmm,4850,322,6459,6459,640,NULL,1216471,1216471,1216471,1216521,LIMIT,BUY,1,89,2018-08-21T04:40:13.194,2018-08-21T04:41:37.369
choice-moving,Surfer12@bmm,4850,322,6459,6459,640,NULL,1216472,1216472,1216472,1216479,LIMIT,BUY,1,89,2018-08-21T04:40:15.785,2018-08-21T04:40:26.635
choice-moving,Surfer14@bmm,4852,322,6459,6459,639,NULL,1216473,1216473,1216473,0,LIMIT,SELL,1,47,2018-08-21T04:40:21.159,2018-08-21T04:40:21.169
choice-moving,Surfer14@bmm,4852,322,6459,6459,639,NULL,1216474,1216473,1216473,1216462,LIMIT,SELL,1,100,2018-08-21T04:40:21.165,2018-08-21T04:40:21.169
choice-moving,Surfer7@bmm,4845,322,6459,6459,640,NULL,1216475,1216440,1216440,1216440,CANCEL,BUY,1,88,2018-08-21T04:40:22.601,2018-08-21T04:40:22.607
choice-moving,Surfer7@bmm,4845,322,6459,6459,640,NULL,1216476,1216436,1216436,1216436,CANCEL,BUY,1,88,2018-08-21T04:40:23.327,2018-08-21T04:40:23.334
choice-moving,Surfer7@bmm,4845,322,6459,6459,640,NULL,1216477,1216477,1216477,1216505,LIMIT,BUY,1,91,2018-08-21T04:40:24.474,2018-08-21T04:41:01.105
choice-moving,Surfer7@bmm,4845,322,6459,6459,640,NULL,1216478,1216478,1216478,1216517,LIMIT,BUY,1,91,2018-08-21T04:40:25.760,2018-08-21T04:41:31.764
choice-moving,Surfer12@bmm,4850,322,6459,6459,640,NULL,1216479,1216472,1216472,1216472,CANCEL,BUY,1,89,2018-08-21T04:40:26.628,2018-08-21T04:40:26.634
choice-moving,Surfer10@bmm,4848,322,6459,6459,641,NULL,1216480,1216480,1216480,NULL,LIMIT,SELL,1,9,2018-08-21T04:40:28.931,2018-08-21T04:40:28.934
choice-moving,Surfer7@bmm,4845,322,6459,6459,639,NULL,1216481,1216320,1216320,1216320,CANCEL,BUY,1,91,2018-08-21T04:40:29.937,2018-08-21T04:40:29.943
choice-moving,Surfer7@bmm,4845,322,6459,6459,639,NULL,1216482,1216319,1216319,1216319,CANCEL,BUY,1,91,2018-08-21T04:40:30.686,2018-08-21T04:40:30.693
choice-moving,Surfer7@bmm,4845,322,6459,6459,640,NULL,1216483,1216483,1216483,1216535,LIMIT,BUY,1,91,2018-08-21T04:40:31.605,2018-08-21T04:41:56.119
choice-moving,Surfer7@bmm,4845,322,6459,6459,640,NULL,1216484,1216484,1216484,1216525,LIMIT,BUY,1,91,2018-08-21T04:40:32.801,2018-08-21T04:41:42.659
choice-moving,Surfer2@bmm,4840,322,6459,6459,638,NULL,1216485,1216379,1216379,1216379,CANCEL,BUY,1,86,2018-08-21T04:40:34.548,2018-08-21T04:40:34.555
choice-moving,Surfer2@bmm,4840,322,6459,6459,638,NULL,1216486,1216375,1216375,1216375,CANCEL,BUY,1,90,2018-08-21T04:40:35.546,2018-08-21T04:40:35.552
choice-moving,Surfer16@bmm,4854,322,6459,6459,639,NULL,1216487,1216487,1216487,1216383,LIMIT,SELL,1,99,2018-08-21T04:40:38.568,2018-08-21T04:40:38.578
choice-moving,Surfer12@bmm,4850,322,6459,6459,641,NULL,1216488,1216488,1216488,NULL,LIMIT,SELL,1,5,2018-08-21T04:40:40.098,2018-08-21T04:40:40.101
choice-moving,Surfer2@bmm,4840,322,6459,6459,638,NULL,1216489,1216489,1216489,NULL,LIMIT,BUY,1,99,2018-08-21T04:40:45.155,2018-08-21T04:40:45.159
choice-moving,Surfer16@bmm,4854,322,6459,6459,639,NULL,1216490,1216490,1216490,1216565,LIMIT,BUY,1,99,2018-08-21T04:40:46.911,2018-08-21T04:42:59.856
choice-moving,Surfer17@bmm,4855,322,6459,6459,639,NULL,1216491,1216491,1216491,1216504,LIMIT,BUY,2,50,2018-08-21T04:40:47.561,2018-08-21T04:40:57.689
choice-moving,Surfer2@bmm,4840,322,6459,6459,638,NULL,1216492,1216492,1216492,NULL,LIMIT,BUY,1,100,2018-08-21T04:40:48.319,2018-08-21T04:40:48.322
choice-moving,Surfer16@bmm,4854,322,6459,6459,639,NULL,1216493,1216493,1216493,NULL,LIMIT,BUY,1,99,2018-08-21T04:40:48.649,2018-08-21T04:40:48.652
choice-moving,Surfer14@bmm,4852,322,6459,6459,639,NULL,1216494,1216494,1216494,0,LIMIT,SELL,1,47,2018-08-21T04:40:48.877,2018-08-21T04:40:48.888
choice-moving,Surfer14@bmm,4852,322,6459,6459,639,NULL,1216495,1216494,1216494,1216447,LIMIT,SELL,1,99,2018-08-21T04:40:48.884,2018-08-21T04:40:48.888
choice-moving,Surfer10@bmm,4848,322,6459,6459,639,NULL,1216496,1216496,1216496,NULL,LIMIT,BUY,1,30,2018-08-21T04:40:50.745,2018-08-21T04:40:50.748
choice-moving,Surfer16@bmm,4854,322,6459,6459,639,NULL,1216497,1216497,1216497,NULL,LIMIT,BUY,1,99,2018-08-21T04:40:50.813,2018-08-21T04:40:50.817
choice-moving,Surfer13@bmm,4851,322,6459,6459,639,NULL,1216498,1216452,1216452,1216452,CANCEL,BUY,1,99,2018-08-21T04:40:51.553,2018-08-21T04:40:51.559
choice-moving,Surfer13@bmm,4851,322,6459,6459,639,NULL,1216499,1216452,1216452,1216499,CANCEL,BUY,1,99,2018-08-21T04:40:51.815,2018-08-21T04:40:51.821
choice-moving,Surfer16@bmm,4854,322,6459,6459,639,NULL,1216500,1216500,1216500,NULL,LIMIT,BUY,1,99,2018-08-21T04:40:53.290,2018-08-21T04:40:53.293
choice-moving,Surfer16@bmm,4854,322,6459,6459,639,NULL,1216501,1216501,1216501,NULL,LIMIT,BUY,1,99,2018-08-21T04:40:54.410,2018-08-21T04:40:54.414
choice-moving,Surfer4@bmm,4842,322,6459,6459,639,NULL,1216502,1216382,1216382,1216382,CANCEL,BUY,1,95,2018-08-21T04:40:54.565,2018-08-21T04:40:54.571
choice-moving,Surfer13@bmm,4851,322,6459,6459,639,NULL,1216503,1216400,1216400,1216400,CANCEL,BUY,1,95,2018-08-21T04:40:55.274,2018-08-21T04:40:55.283
choice-moving,Surfer17@bmm,4855,322,6459,6459,639,NULL,1216504,1216491,1216491,1216491,CANCEL,BUY,2,50,2018-08-21T04:40:57.680,2018-08-21T04:40:57.688
choice-moving,Surfer1@bmm,4839,322,6459,6459,640,NULL,1216505,1216505,1216505,1216477,LIMIT,SELL,1,91,2018-08-21T04:41:01.096,2018-08-21T04:41:01.105
choice-moving,Surfer14@bmm,4852,322,6459,6459,639,NULL,1216506,1216506,1216506,0,LIMIT,SELL,1,30,2018-08-21T04:41:04.412,2018-08-21T04:41:04.424
choice-moving,Surfer14@bmm,4852,322,6459,6459,639,NULL,1216507,1216506,1216506,1216469,LIMIT,SELL,1,99,2018-08-21T04:41:04.420,2018-08-21T04:41:04.424
choice-moving,Surfer17@bmm,4855,322,6459,6459,639,NULL,1216508,1216508,1216508,NULL,LIMIT,BUY,2,72,2018-08-21T04:41:04.815,2018-08-21T04:41:04.818
choice-moving,Surfer17@bmm,4855,322,6459,6459,639,NULL,1216509,1216285,1216285,1216285,CANCEL,BUY,1,64,2018-08-21T04:41:07.389,2018-08-21T04:41:07.395
choice-moving,Surfer2@bmm,4840,322,6459,6459,638,NULL,1216510,1216385,1216385,1216385,CANCEL,BUY,1,92,2018-08-21T04:41:09.606,2018-08-21T04:41:09.612
choice-moving,Surfer2@bmm,4840,322,6459,6459,638,NULL,1216511,1216511,1216511,NULL,LIMIT,BUY,1,99,2018-08-21T04:41:12.986,2018-08-21T04:41:12.989
choice-moving,Surfer9@bmm,4847,322,6459,6459,639,NULL,1216512,1216512,1216512,NULL,LIMIT,BUY,1,99,2018-08-21T04:41:15.277,2018-08-21T04:41:15.281
choice-moving,Surfer17@bmm,4855,322,6459,6459,638,NULL,1216513,1216223,1216223,1216223,CANCEL,BUY,3,73,2018-08-21T04:41:18.204,2018-08-21T04:41:18.210
choice-moving,Surfer1@bmm,4839,322,6459,6459,640,NULL,1216514,1216514,1216514,1216515,LIMIT,SELL,1,99,2018-08-21T04:41:23.313,2018-08-21T04:41:28.004
choice-moving,Surfer15@bmm,4853,322,6459,6459,640,NULL,1216515,1216515,1216515,1216514,LIMIT,BUY,1,99,2018-08-21T04:41:27.997,2018-08-21T04:41:28.004
choice-moving,Surfer17@bmm,4855,322,6459,6459,638,NULL,1216516,1216516,1216516,NULL,LIMIT,BUY,2,63,2018-08-21T04:41:31.069,2018-08-21T04:41:31.072
choice-moving,Surfer9@bmm,4847,322,6459,6459,640,NULL,1216517,1216517,1216517,1216478,LIMIT,SELL,1,91,2018-08-21T04:41:31.755,2018-08-21T04:41:31.764
choice-moving,Surfer5@bmm,4843,322,6459,6459,639,NULL,1216518,1216518,1216518,1216581,LIMIT,BUY,1,30,2018-08-21T04:41:33.939,2018-08-21T04:43:46.803
choice-moving,Surfer2@bmm,4840,322,6459,6459,641,NULL,1216519,1216404,1216404,1216404,CANCEL,SELL,1,19,2018-08-21T04:41:34.974,2018-08-21T04:41:34.981
choice-moving,Surfer10@bmm,4848,322,6459,6459,641,NULL,1216520,1216520,1216520,NULL,LIMIT,SELL,1,2,2018-08-21T04:41:35.507,2018-08-21T04:41:35.511
choice-moving,Surfer12@bmm,4850,322,6459,6459,640,NULL,1216521,1216471,1216471,1216471,CANCEL,BUY,1,89,2018-08-21T04:41:37.362,2018-08-21T04:41:37.369
choice-moving,Surfer14@bmm,4852,322,6459,6459,641,NULL,1216522,1216522,1216522,NULL,LIMIT,SELL,1,1,2018-08-21T04:41:41.260,2018-08-21T04:41:41.263
choice-moving,Surfer7@bmm,4845,322,6459,6459,640,NULL,1216523,1216456,1216456,1216456,CANCEL,BUY,1,90,2018-08-21T04:41:41.611,2018-08-21T04:41:41.617
choice-moving,Surfer4@bmm,4842,322,6459,6459,640,NULL,1216524,1216524,1216524,1216572,LIMIT,BUY,1,95,2018-08-21T04:41:42.176,2018-08-21T04:43:28.223
choice-moving,Surfer7@bmm,4845,322,6459,6459,640,NULL,1216525,1216484,1216484,1216484,CANCEL,BUY,1,91,2018-08-21T04:41:42.653,2018-08-21T04:41:42.659
choice-moving,Surfer7@bmm,4845,322,6459,6459,640,NULL,1216526,1216526,1216526,1216528,LIMIT,BUY,1,99,2018-08-21T04:41:43.917,2018-08-21T04:41:45.421
choice-moving,Surfer12@bmm,4850,322,6459,6459,640,NULL,1216527,1216527,1216527,0,LIMIT,SELL,1,6,2018-08-21T04:41:45.411,2018-08-21T04:41:45.421
choice-moving,Surfer12@bmm,4850,322,6459,6459,640,NULL,1216528,1216527,1216527,1216526,LIMIT,SELL,1,99,2018-08-21T04:41:45.417,2018-08-21T04:41:45.421
choice-moving,Surfer2@bmm,4840,322,6459,6459,641,NULL,1216529,1216529,1216529,1216564,LIMIT,SELL,1,2,2018-08-21T04:41:47.202,2018-08-21T04:42:55.348
choice-moving,Surfer7@bmm,4845,322,6459,6459,640,NULL,1216530,1216448,1216448,1216448,CANCEL,BUY,1,90,2018-08-21T04:41:48.319,2018-08-21T04:41:48.325
choice-moving,Surfer7@bmm,4845,322,6459,6459,640,NULL,1216531,1216531,1216531,1216533,LIMIT,BUY,1,99,2018-08-21T04:41:49.061,2018-08-21T04:41:53.616
choice-moving,Surfer7@bmm,4845,322,6459,6459,640,NULL,1216532,1216445,1216445,1216445,CANCEL,BUY,1,90,2018-08-21T04:41:52.636,2018-08-21T04:41:52.642
choice-moving,Surfer1@bmm,4839,322,6459,6459,640,NULL,1216533,1216533,1216533,1216531,LIMIT,SELL,1,99,2018-08-21T04:41:53.608,2018-08-21T04:41:53.615
choice-moving,Surfer7@bmm,4845,322,6459,6459,640,NULL,1216534,1216534,1216534,1216538,LIMIT,BUY,1,99,2018-08-21T04:41:55.124,2018-08-21T04:41:56.668
choice-moving,Surfer7@bmm,4845,322,6459,6459,640,NULL,1216535,1216483,1216483,1216483,CANCEL,BUY,1,91,2018-08-21T04:41:56.113,2018-08-21T04:41:56.119
choice-moving,Surfer2@bmm,4840,322,6459,6459,641,NULL,1216536,1216406,1216406,1216406,CANCEL,SELL,1,11,2018-08-21T04:41:56.555,2018-08-21T04:41:56.561
choice-moving,Surfer12@bmm,4850,322,6459,6459,640,NULL,1216537,1216537,1216537,0,LIMIT,SELL,1,10,2018-08-21T04:41:56.657,2018-08-21T04:41:56.668
choice-moving,Surfer12@bmm,4850,322,6459,6459,640,NULL,1216538,1216537,1216537,1216534,LIMIT,SELL,1,99,2018-08-21T04:41:56.664,2018-08-21T04:41:56.668
choice-moving,Surfer13@bmm,4851,322,6459,6459,639,NULL,1216539,1216293,1216293,1216293,CANCEL,BUY,1,90,2018-08-21T04:41:56.894,2018-08-21T04:41:56.900
choice-moving,Surfer2@bmm,4840,322,6459,6459,641,NULL,1216540,1216419,1216419,1216419,CANCEL,SELL,1,9,2018-08-21T04:41:57.535,2018-08-21T04:41:57.541
choice-moving,Surfer7@bmm,4845,322,6459,6459,640,NULL,1216541,1216541,1216541,1216546,LIMIT,BUY,1,99,2018-08-21T04:41:57.950,2018-08-21T04:41:59.809
choice-moving,Surfer7@bmm,4845,322,6459,6459,640,NULL,1216542,1216444,1216444,1216444,CANCEL,BUY,1,90,2018-08-21T04:41:58.895,2018-08-21T04:41:58.903
choice-moving,Surfer15@bmm,4853,322,6459,6459,640,NULL,1216543,1216543,1216543,1216575,LIMIT,BUY,1,99,2018-08-21T04:41:58.993,2018-08-21T04:43:41.145
choice-moving,Surfer2@bmm,4840,322,6459,6459,641,NULL,1216544,1216544,1216544,NULL,LIMIT,SELL,1,1,2018-08-21T04:41:59.271,2018-08-21T04:41:59.274
choice-moving,Surfer13@bmm,4851,322,6459,6459,639,NULL,1216545,1216262,1216262,1216262,CANCEL,BUY,1,90,2018-08-21T04:41:59.379,2018-08-21T04:41:59.385
choice-moving,Surfer17@bmm,4855,322,6459,6459,640,NULL,1216546,1216546,1216546,1216541,LIMIT,SELL,1,99,2018-08-21T04:41:59.802,2018-08-21T04:41:59.809
choice-moving,Surfer7@bmm,4845,322,6459,6459,640,NULL,1216547,1216547,1216547,1216578,LIMIT,BUY,1,99,2018-08-21T04:42:01.676,2018-08-21T04:43:42.556
choice-moving,Surfer2@bmm,4840,322,6459,6459,641,NULL,1216548,1216548,1216548,1216550,LIMIT,SELL,1,0,2018-08-21T04:42:01.689,2018-08-21T04:42:06.603
choice-moving,Surfer15@bmm,4853,322,6459,6459,640,NULL,1216549,1216549,1216549,1216553,LIMIT,BUY,1,99,2018-08-21T04:42:05.055,2018-08-21T04:42:14.502
choice-moving,Surfer1@bmm,4839,322,6459,6459,641,NULL,1216550,1216550,1216550,1216548,LIMIT,BUY,1,0,2018-08-21T04:42:06.596,2018-08-21T04:42:06.603
choice-moving,Surfer1@bmm,4839,322,6459,6459,641,NULL,1216551,1216551,1216551,NULL,LIMIT,SELL,1,1,2018-08-21T04:42:13.772,2018-08-21T04:42:13.775
choice-moving,Surfer7@bmm,4845,322,6459,6459,640,NULL,1216552,1216552,1216552,1216560,LIMIT,BUY,1,96,2018-08-21T04:42:14.305,2018-08-21T04:42:35.130
choice-moving,Surfer15@bmm,4853,322,6459,6459,640,NULL,1216553,1216549,1216549,1216549,CANCEL,BUY,1,99,2018-08-21T04:42:14.495,2018-08-21T04:42:14.501
choice-moving,Surfer17@bmm,4855,322,6459,6459,640,NULL,1216554,1216468,1216468,1216468,CANCEL,BUY,1,44,2018-08-21T04:42:15.915,2018-08-21T04:42:15.922
choice-moving,Surfer8@bmm,4846,322,6459,6459,640,NULL,1216555,1216555,1216555,1216556,LIMIT,SELL,1,100,2018-08-21T04:42:18.902,2018-08-21T04:42:21.286
choice-moving,Surfer8@bmm,4846,322,6459,6459,640,NULL,1216556,1216555,1216555,1216555,CANCEL,SELL,1,100,2018-08-21T04:42:21.280,2018-08-21T04:42:21.286
choice-moving,Surfer8@bmm,4846,322,6459,6459,640,NULL,1216557,1216557,1216557,1216561,LIMIT,BUY,1,100,2018-08-21T04:42:26.525,2018-08-21T04:42:50.556
choice-moving,Surfer17@bmm,4855,322,6459,6459,640,NULL,1216558,1216558,1216558,NULL,LIMIT,BUY,1,62,2018-08-21T04:42:27.898,2018-08-21T04:42:27.902
choice-moving,Surfer9@bmm,4847,322,6459,6459,639,NULL,1216559,1216559,1216559,NULL,LIMIT,BUY,1,99,2018-08-21T04:42:33.088,2018-08-21T04:42:33.091
choice-moving,Surfer7@bmm,4845,322,6459,6459,640,NULL,1216560,1216552,1216552,1216552,CANCEL,BUY,1,96,2018-08-21T04:42:35.124,2018-08-21T04:42:35.130
choice-moving,Surfer9@bmm,4847,322,6459,6459,640,NULL,1216561,1216561,1216561,1216557,LIMIT,SELL,1,100,2018-08-21T04:42:50.548,2018-08-21T04:42:50.555
choice-moving,Surfer15@bmm,4853,322,6459,6459,640,NULL,1216562,1216461,1216461,1216461,CANCEL,BUY,1,43,2018-08-21T04:42:52.256,2018-08-21T04:42:52.263
choice-moving,Surfer7@bmm,4845,322,6459,6459,640,NULL,1216563,1216563,1216563,1216577,LIMIT,BUY,1,99,2018-08-21T04:42:53.021,2018-08-21T04:43:41.845
choice-moving,Surfer2@bmm,4840,322,6459,6459,641,NULL,1216564,1216529,1216529,1216529,CANCEL,SELL,1,2,2018-08-21T04:42:55.342,2018-08-21T04:42:55.348
choice-moving,Surfer10@bmm,4848,322,6459,6459,639,NULL,1216565,1216565,1216565,1216490,LIMIT,SELL,1,99,2018-08-21T04:42:59.843,2018-08-21T04:42:59.856
choice-moving,Surfer2@bmm,4840,322,6459,6459,641,NULL,1216566,1216566,1216566,1216568,LIMIT,SELL,1,0,2018-08-21T04:43:00.349,2018-08-21T04:43:08.175
choice-moving,Surfer4@bmm,4842,322,6459,6459,641,NULL,1216567,1216465,1216465,1216465,CANCEL,SELL,1,2,2018-08-21T04:43:03.553,2018-08-21T04:43:03.559
choice-moving,Surfer1@bmm,4839,322,6459,6459,641,NULL,1216568,1216568,1216568,1216566,LIMIT,BUY,1,0,2018-08-21T04:43:08.166,2018-08-21T04:43:08.175
choice-moving,Surfer1@bmm,4839,322,6459,6459,641,NULL,1216569,1216569,1216569,NULL,LIMIT,SELL,1,1,2018-08-21T04:43:12.379,2018-08-21T04:43:12.382
choice-moving,Surfer11@bmm,4849,322,6459,6459,640,NULL,1216570,1216421,1216421,1216423,CANCEL,BUY,1,44,2018-08-21T04:43:16.167,2018-08-21T04:43:16.175
choice-moving,Surfer3@bmm,4841,322,6459,6459,639,NULL,1216571,1216362,1216362,1216362,CANCEL,BUY,1,92,2018-08-21T04:43:26.208,2018-08-21T04:43:26.215
choice-moving,Surfer4@bmm,4842,322,6459,6459,640,NULL,1216572,1216524,1216524,1216524,CANCEL,BUY,1,95,2018-08-21T04:43:28.216,2018-08-21T04:43:28.223
choice-moving,Surfer2@bmm,4840,322,6459,6459,639,NULL,1216573,1216457,1216457,1216457,CANCEL,BUY,1,84,2018-08-21T04:43:34.622,2018-08-21T04:43:34.628
choice-moving,Surfer3@bmm,4841,322,6459,6459,639,NULL,1216574,1216574,1216574,NULL,LIMIT,BUY,3,99,2018-08-21T04:43:35.415,2018-08-21T04:43:35.419
choice-moving,Surfer15@bmm,4853,322,6459,6459,640,NULL,1216575,1216543,1216543,1216543,CANCEL,BUY,1,99,2018-08-21T04:43:41.139,2018-08-21T04:43:41.145
choice-moving,Surfer2@bmm,4840,322,6459,6459,639,NULL,1216576,1216576,1216576,NULL,LIMIT,BUY,1,100,2018-08-21T04:43:41.323,2018-08-21T04:43:41.326
choice-moving,Surfer7@bmm,4845,322,6459,6459,640,NULL,1216577,1216563,1216563,1216563,CANCEL,BUY,1,99,2018-08-21T04:43:41.839,2018-08-21T04:43:41.845
choice-moving,Surfer7@bmm,4845,322,6459,6459,640,NULL,1216578,1216547,1216547,1216547,CANCEL,BUY,1,99,2018-08-21T04:43:42.550,2018-08-21T04:43:42.556
choice-moving,Surfer2@bmm,4840,322,6459,6459,639,NULL,1216579,1216463,1216463,1216463,CANCEL,BUY,1,92,2018-08-21T04:43:43.571,2018-08-21T04:43:43.577
choice-moving,Surfer7@bmm,4845,322,6459,6459,640,NULL,1216580,1216580,1216580,1216583,LIMIT,BUY,1,99,2018-08-21T04:43:44.813,2018-08-21T04:43:50.714
choice-moving,Surfer5@bmm,4843,322,6459,6459,639,NULL,1216581,1216518,1216518,1216518,CANCEL,BUY,1,30,2018-08-21T04:43:46.797,2018-08-21T04:43:46.803
choice-moving,Surfer2@bmm,4840,322,6459,6459,639,NULL,1216582,1216582,1216582,NULL,LIMIT,BUY,1,99,2018-08-21T04:43:47.362,2018-08-21T04:43:47.366
choice-moving,Surfer7@bmm,4845,322,6459,6459,640,NULL,1216583,1216580,1216580,1216580,CANCEL,BUY,1,99,2018-08-21T04:43:50.706,2018-08-21T04:43:50.713
choice-moving,Surfer12@bmm,4850,322,6459,6459,640,NULL,1216584,1216584,1216584,NULL,LIMIT,BUY,1,50,2018-08-21T04:43:51.418,2018-08-21T04:43:51.422