account,email,owner,marketplace,session,period,market,target,order,original,supplier,consumer,type,side,units,price,createdDate,lastModifiedDate
choice-moving,Surfer3@bmm,4841,322,6642,6642,638,NULL,1310035,1310035,1310035,1310068,LIMIT,BUY,1,100,2018-08-29T00:02:25.066,2018-08-29T00:03:45.858
choice-moving,Surfer11@bmm,4849,322,6642,6642,640,NULL,1310036,1310036,1310036,1310043,LIMIT,SELL,1,100,2018-08-29T00:02:30.933,2018-08-29T00:02:54.254
choice-moving,Surfer2@bmm,4840,322,6642,6642,638,NULL,1310037,1310037,1310037,1310185,LIMIT,BUY,1,91,2018-08-29T00:02:34.552,2018-08-29T00:09:11.242
choice-moving,Surfer7@bmm,4845,322,6642,6642,639,NULL,1310038,1310038,1310038,NULL,LIMIT,BUY,1,57,2018-08-29T00:02:34.619,2018-08-29T00:02:34.622
choice-moving,Surfer7@bmm,4845,322,6642,6642,639,NULL,1310039,1310039,1310039,NULL,LIMIT,BUY,1,57,2018-08-29T00:02:35.828,2018-08-29T00:02:35.832
choice-moving,Surfer2@bmm,4840,322,6642,6642,639,NULL,1310040,1310040,1310040,1310195,LIMIT,BUY,1,85,2018-08-29T00:02:46.616,2018-08-29T00:09:57.462
choice-moving,Surfer7@bmm,4845,322,6642,6642,640,NULL,1310041,1310041,1310041,1310060,LIMIT,BUY,1,77,2018-08-29T00:02:50.271,2018-08-29T00:03:32.037
choice-moving,Surfer10@bmm,4848,322,6642,6642,641,NULL,1310042,1310042,1310042,1310106,LIMIT,SELL,1,9,2018-08-29T00:02:51.642,2018-08-29T00:04:44.490
choice-moving,Surfer11@bmm,4849,322,6642,6642,640,NULL,1310043,1310036,1310036,1310036,CANCEL,SELL,1,100,2018-08-29T00:02:54.247,2018-08-29T00:02:54.253
choice-moving,Surfer7@bmm,4845,322,6642,6642,640,NULL,1310044,1310044,1310044,1310061,LIMIT,BUY,1,77,2018-08-29T00:02:55.611,2018-08-29T00:03:36.353
choice-moving,Surfer6@bmm,4844,322,6642,6642,641,NULL,1310045,1310045,1310045,NULL,LIMIT,SELL,1,10,2018-08-29T00:02:55.659,2018-08-29T00:02:55.662
choice-moving,Surfer10@bmm,4848,322,6642,6642,641,NULL,1310046,1310046,1310046,1310183,LIMIT,SELL,1,8,2018-08-29T00:03:00.190,2018-08-29T00:08:37.824
choice-moving,Surfer12@bmm,4850,322,6642,6642,641,NULL,1310047,1310047,1310047,NULL,LIMIT,SELL,1,4,2018-08-29T00:03:01.087,2018-08-29T00:03:01.090
choice-moving,Surfer10@bmm,4848,322,6642,6642,641,NULL,1310048,1310048,1310048,1310051,LIMIT,SELL,1,3,2018-08-29T00:03:03.992,2018-08-29T00:03:04.158
choice-moving,Surfer2@bmm,4840,322,6642,6642,640,NULL,1310049,1310049,1310049,1310058,LIMIT,BUY,1,80,2018-08-29T00:03:04.104,2018-08-29T00:03:25.838
choice-moving,Surfer6@bmm,4844,322,6642,6642,641,NULL,1310050,1310050,1310050,0,LIMIT,BUY,1,88,2018-08-29T00:03:04.124,2018-08-29T00:03:04.158
choice-moving,Surfer6@bmm,4844,322,6642,6642,641,NULL,1310051,1310050,1310050,1310048,LIMIT,BUY,1,3,2018-08-29T00:03:04.153,2018-08-29T00:03:04.158
choice-moving,Surfer10@bmm,4848,322,6642,6642,641,NULL,1310052,1310052,1310052,1310165,LIMIT,SELL,1,3,2018-08-29T00:03:07.095,2018-08-29T00:06:46.743
choice-moving,Surfer5@bmm,4843,322,6642,6642,638,NULL,1310053,1310053,1310053,1310069,LIMIT,BUY,1,99,2018-08-29T00:03:16.101,2018-08-29T00:03:45.858
choice-moving,Surfer4@bmm,4842,322,6642,6642,639,NULL,1310054,1310054,1310054,NULL,LIMIT,BUY,1,99,2018-08-29T00:03:17.845,2018-08-29T00:03:17.848
choice-moving,Surfer5@bmm,4843,322,6642,6642,639,NULL,1310055,1310055,1310055,NULL,LIMIT,BUY,1,99,2018-08-29T00:03:23.039,2018-08-29T00:03:23.043
choice-moving,Surfer4@bmm,4842,322,6642,6642,638,NULL,1310056,1310056,1310056,1310070,LIMIT,BUY,1,99,2018-08-29T00:03:23.091,2018-08-29T00:03:45.859
choice-moving,Surfer13@bmm,4851,322,6642,6642,640,NULL,1310057,1310057,1310057,0,LIMIT,SELL,1,78,2018-08-29T00:03:25.824,2018-08-29T00:03:25.838
choice-moving,Surfer13@bmm,4851,322,6642,6642,640,NULL,1310058,1310057,1310057,1310049,LIMIT,SELL,1,80,2018-08-29T00:03:25.833,2018-08-29T00:03:25.838
choice-moving,Surfer11@bmm,4849,322,6642,6642,640,NULL,1310059,1310059,1310059,1310139,LIMIT,SELL,1,80,2018-08-29T00:03:31.151,2018-08-29T00:05:34.655
choice-moving,Surfer13@bmm,4851,322,6642,6642,640,NULL,1310060,1310060,1310060,1310041,LIMIT,SELL,1,77,2018-08-29T00:03:32.028,2018-08-29T00:03:32.037
choice-moving,Surfer11@bmm,4849,322,6642,6642,640,NULL,1310061,1310061,1310061,1310044,LIMIT,SELL,1,77,2018-08-29T00:03:36.346,2018-08-29T00:03:36.353
choice-moving,Surfer13@bmm,4851,322,6642,6642,640,NULL,1310062,1310062,1310062,1310132,LIMIT,SELL,1,77,2018-08-29T00:03:37.829,2018-08-29T00:05:23.874
choice-moving,Surfer6@bmm,4844,322,6642,6642,639,NULL,1310063,1310063,1310063,NULL,LIMIT,BUY,1,99,2018-08-29T00:03:40.448,2018-08-29T00:03:40.451
choice-moving,Surfer4@bmm,4842,322,6642,6642,641,NULL,1310064,1310064,1310064,1310157,LIMIT,SELL,1,80,2018-08-29T00:03:43.675,2018-08-29T00:06:11.040
choice-moving,Surfer6@bmm,4844,322,6642,6642,639,NULL,1310065,1310065,1310065,NULL,LIMIT,BUY,1,30,2018-08-29T00:03:43.964,2018-08-29T00:03:43.967
choice-moving,Surfer5@bmm,4843,322,6642,6642,640,NULL,1310066,1310066,1310066,1310085,LIMIT,SELL,1,23,2018-08-29T00:03:44.963,2018-08-29T00:04:16.805
choice-moving,Surfer1@bmm,4839,322,6642,6642,638,NULL,1310067,1310067,1310067,0,LIMIT,SELL,3,99,2018-08-29T00:03:45.833,2018-08-29T00:03:45.858
choice-moving,Surfer1@bmm,4839,322,6642,6642,638,NULL,1310068,1310067,1310067,1310035,LIMIT,SELL,1,100,2018-08-29T00:03:45.842,2018-08-29T00:03:45.858
choice-moving,Surfer1@bmm,4839,322,6642,6642,638,NULL,1310069,1310067,1310067,1310053,LIMIT,SELL,1,99,2018-08-29T00:03:45.847,2018-08-29T00:03:45.859
choice-moving,Surfer1@bmm,4839,322,6642,6642,638,NULL,1310070,1310067,1310067,1310056,LIMIT,SELL,1,99,2018-08-29T00:03:45.853,2018-08-29T00:03:45.859
choice-moving,Surfer5@bmm,4843,322,6642,6642,640,NULL,1310071,1310071,1310071,1310120,LIMIT,SELL,1,40,2018-08-29T00:03:50.769,2018-08-29T00:04:56.078
choice-moving,Surfer5@bmm,4843,322,6642,6642,640,NULL,1310072,1310072,1310072,1310075,LIMIT,SELL,1,10,2018-08-29T00:03:54.132,2018-08-29T00:03:54.828
choice-moving,Surfer4@bmm,4842,322,6642,6642,638,NULL,1310073,1310073,1310073,NULL,LIMIT,BUY,1,95,2018-08-29T00:03:54.560,2018-08-29T00:03:54.564
choice-moving,Surfer3@bmm,4841,322,6642,6642,640,NULL,1310074,1310074,1310074,0,LIMIT,BUY,1,23,2018-08-29T00:03:54.814,2018-08-29T00:03:54.828
choice-moving,Surfer3@bmm,4841,322,6642,6642,640,NULL,1310075,1310074,1310074,1310072,LIMIT,BUY,1,10,2018-08-29T00:03:54.820,2018-08-29T00:03:54.828
choice-moving,Surfer1@bmm,4839,322,6642,6642,638,NULL,1310076,1310076,1310076,NULL,LIMIT,BUY,3,99,2018-08-29T00:03:58.063,2018-08-29T00:03:58.066
choice-moving,Surfer5@bmm,4843,322,6642,6642,640,NULL,1310077,1310077,1310077,1310080,LIMIT,SELL,1,21,2018-08-29T00:03:58.888,2018-08-29T00:04:10.539
choice-moving,Surfer4@bmm,4842,322,6642,6642,638,NULL,1310078,1310078,1310078,NULL,LIMIT,BUY,1,96,2018-08-29T00:04:03.891,2018-08-29T00:04:03.895
choice-moving,Surfer4@bmm,4842,322,6642,6642,638,NULL,1310079,1310079,1310079,NULL,LIMIT,BUY,1,97,2018-08-29T00:04:07.513,2018-08-29T00:04:07.517
choice-moving,Surfer2@bmm,4840,322,6642,6642,640,NULL,1310080,1310080,1310080,1310077,LIMIT,BUY,1,21,2018-08-29T00:04:10.532,2018-08-29T00:04:10.539
choice-moving,Surfer8@bmm,4846,322,6642,6642,638,NULL,1310081,1310081,1310081,1310188,LIMIT,BUY,1,99,2018-08-29T00:04:11.518,2018-08-29T00:09:13.876
choice-moving,Surfer4@bmm,4842,322,6642,6642,638,NULL,1310082,1310082,1310082,NULL,LIMIT,BUY,1,98,2018-08-29T00:04:11.738,2018-08-29T00:04:11.742
choice-moving,Surfer5@bmm,4843,322,6642,6642,639,NULL,1310083,1310083,1310083,NULL,LIMIT,BUY,1,98,2018-08-29T00:04:11.890,2018-08-29T00:04:11.894
choice-moving,Surfer12@bmm,4850,322,6642,6642,638,NULL,1310084,1310084,1310084,NULL,LIMIT,BUY,1,97,2018-08-29T00:04:14.360,2018-08-29T00:04:14.363
choice-moving,Surfer2@bmm,4840,322,6642,6642,640,NULL,1310085,1310085,1310085,1310066,LIMIT,BUY,1,23,2018-08-29T00:04:16.794,2018-08-29T00:04:16.805
choice-moving,Surfer8@bmm,4846,322,6642,6642,638,NULL,1310086,1310086,1310086,1310187,LIMIT,BUY,1,99,2018-08-29T00:04:19.183,2018-08-29T00:09:12.683
choice-moving,Surfer13@bmm,4851,322,6642,6642,638,NULL,1310087,1310087,1310087,NULL,LIMIT,BUY,1,98,2018-08-29T00:04:21.202,2018-08-29T00:04:21.206
choice-moving,Surfer5@bmm,4843,322,6642,6642,638,NULL,1310088,1310088,1310088,NULL,LIMIT,BUY,1,99,2018-08-29T00:04:24.413,2018-08-29T00:04:24.416
choice-moving,Surfer9@bmm,4847,322,6642,6642,640,NULL,1310089,1310089,1310089,1310094,LIMIT,SELL,1,5,2018-08-29T00:04:24.521,2018-08-29T00:04:33.796
choice-moving,Surfer8@bmm,4846,322,6642,6642,638,NULL,1310090,1310090,1310090,1310186,LIMIT,BUY,1,99,2018-08-29T00:04:24.617,2018-08-29T00:09:11.258
choice-moving,Surfer9@bmm,4847,322,6642,6642,640,NULL,1310091,1310091,1310091,1310098,LIMIT,SELL,1,5,2018-08-29T00:04:25.536,2018-08-29T00:04:38.962
choice-moving,Surfer9@bmm,4847,322,6642,6642,640,NULL,1310092,1310092,1310092,1310103,LIMIT,SELL,1,5,2018-08-29T00:04:26.519,2018-08-29T00:04:43.307
choice-moving,Surfer9@bmm,4847,322,6642,6642,640,NULL,1310093,1310093,1310093,1310104,LIMIT,SELL,1,5,2018-08-29T00:04:27.634,2018-08-29T00:04:43.479
choice-moving,Surfer2@bmm,4840,322,6642,6642,640,NULL,1310094,1310094,1310094,1310089,LIMIT,BUY,1,5,2018-08-29T00:04:33.788,2018-08-29T00:04:33.796
choice-moving,Surfer6@bmm,4844,322,6642,6642,640,NULL,1310095,1310095,1310095,1310168,LIMIT,BUY,1,0,2018-08-29T00:04:34.111,2018-08-29T00:07:06.289
choice-moving,Surfer9@bmm,4847,322,6642,6642,639,NULL,1310096,1310096,1310096,NULL,LIMIT,BUY,1,99,2018-08-29T00:04:37.412,2018-08-29T00:04:37.415
choice-moving,Surfer9@bmm,4847,322,6642,6642,639,NULL,1310097,1310097,1310097,NULL,LIMIT,BUY,1,99,2018-08-29T00:04:38.486,2018-08-29T00:04:38.490
choice-moving,Surfer2@bmm,4840,322,6642,6642,640,NULL,1310098,1310098,1310098,1310091,LIMIT,BUY,1,5,2018-08-29T00:04:38.955,2018-08-29T00:04:38.962
choice-moving,Surfer5@bmm,4843,322,6642,6642,638,NULL,1310099,1310099,1310099,NULL,LIMIT,BUY,1,99,2018-08-29T00:04:39.311,2018-08-29T00:04:39.314
choice-moving,Surfer8@bmm,4846,322,6642,6642,641,NULL,1310100,1310100,1310100,NULL,LIMIT,SELL,1,2,2018-08-29T00:04:39.800,2018-08-29T00:04:39.804
choice-moving,Surfer7@bmm,4845,322,6642,6642,640,NULL,1310101,1310101,1310101,1310140,LIMIT,SELL,1,82,2018-08-29T00:04:40.072,2018-08-29T00:05:36.996
choice-moving,Surfer13@bmm,4851,322,6642,6642,639,NULL,1310102,1310102,1310102,NULL,LIMIT,BUY,1,99,2018-08-29T00:04:42.456,2018-08-29T00:04:42.460
choice-moving,Surfer2@bmm,4840,322,6642,6642,640,NULL,1310103,1310103,1310103,1310092,LIMIT,BUY,1,5,2018-08-29T00:04:43.299,2018-08-29T00:04:43.307
choice-moving,Surfer3@bmm,4841,322,6642,6642,640,NULL,1310104,1310104,1310104,1310093,LIMIT,BUY,1,5,2018-08-29T00:04:43.471,2018-08-29T00:04:43.478
choice-moving,Surfer6@bmm,4844,322,6642,6642,640,NULL,1310105,1310105,1310105,NULL,LIMIT,BUY,1,7,2018-08-29T00:04:43.959,2018-08-29T00:04:43.963
choice-moving,Surfer10@bmm,4848,322,6642,6642,641,NULL,1310106,1310042,1310042,1310042,CANCEL,SELL,1,9,2018-08-29T00:04:44.483,2018-08-29T00:04:44.489
choice-moving,Surfer7@bmm,4845,322,6642,6642,640,NULL,1310107,1310107,1310107,1310121,LIMIT,SELL,1,58,2018-08-29T00:04:46.009,2018-08-29T00:05:00.234
choice-moving,Surfer7@bmm,4845,322,6642,6642,640,NULL,1310108,1310108,1310108,1310122,LIMIT,SELL,1,58,2018-08-29T00:04:46.893,2018-08-29T00:05:05.547
choice-moving,Surfer7@bmm,4845,322,6642,6642,640,NULL,1310109,1310109,1310109,1310127,LIMIT,SELL,1,58,2018-08-29T00:04:47.273,2018-08-29T00:05:12.634
choice-moving,Surfer7@bmm,4845,322,6642,6642,640,NULL,1310110,1310110,1310110,1310130,LIMIT,SELL,1,58,2018-08-29T00:04:47.526,2018-08-29T00:05:16.214
choice-moving,Surfer10@bmm,4848,322,6642,6642,641,NULL,1310111,1310111,1310111,NULL,LIMIT,SELL,1,1,2018-08-29T00:04:47.546,2018-08-29T00:04:47.549
choice-moving,Surfer7@bmm,4845,322,6642,6642,640,NULL,1310112,1310112,1310112,1310131,LIMIT,SELL,1,58,2018-08-29T00:04:47.778,2018-08-29T00:05:20.956
choice-moving,Surfer6@bmm,4844,322,6642,6642,640,NULL,1310113,1310113,1310113,NULL,LIMIT,BUY,1,7,2018-08-29T00:04:50.289,2018-08-29T00:04:50.293
choice-moving,Surfer11@bmm,4849,322,6642,6642,640,NULL,1310114,1310114,1310114,1310156,LIMIT,BUY,1,38,2018-08-29T00:04:52.448,2018-08-29T00:06:10.453
choice-moving,Surfer9@bmm,4847,322,6642,6642,638,NULL,1310115,1310115,1310115,NULL,LIMIT,BUY,1,99,2018-08-29T00:04:52.665,2018-08-29T00:04:52.668
choice-moving,Surfer9@bmm,4847,322,6642,6642,638,NULL,1310116,1310116,1310116,NULL,LIMIT,BUY,1,99,2018-08-29T00:04:53.613,2018-08-29T00:04:53.616
choice-moving,Surfer11@bmm,4849,322,6642,6642,640,NULL,1310117,1310117,1310117,1310142,LIMIT,BUY,1,21,2018-08-29T00:04:55.250,2018-08-29T00:05:40.859
choice-moving,Surfer9@bmm,4847,322,6642,6642,638,NULL,1310118,1310118,1310118,NULL,LIMIT,BUY,1,99,2018-08-29T00:04:55.908,2018-08-29T00:04:55.912
choice-moving,Surfer6@bmm,4844,322,6642,6642,640,NULL,1310119,1310119,1310119,0,LIMIT,BUY,1,46,2018-08-29T00:04:56.067,2018-08-29T00:04:56.078
choice-moving,Surfer6@bmm,4844,322,6642,6642,640,NULL,1310120,1310119,1310119,1310071,LIMIT,BUY,1,40,2018-08-29T00:04:56.074,2018-08-29T00:04:56.079
choice-moving,Surfer6@bmm,4844,322,6642,6642,640,NULL,1310121,1310121,1310121,1310107,LIMIT,BUY,1,58,2018-08-29T00:05:00.226,2018-08-29T00:05:00.234
choice-moving,Surfer3@bmm,4841,322,6642,6642,640,NULL,1310122,1310122,1310122,1310108,LIMIT,BUY,1,58,2018-08-29T00:05:05.536,2018-08-29T00:05:05.546
choice-moving,Surfer5@bmm,4843,322,6642,6642,638,NULL,1310123,1310123,1310123,NULL,LIMIT,BUY,2,99,2018-08-29T00:05:08.012,2018-08-29T00:05:08.015
choice-moving,Surfer13@bmm,4851,322,6642,6642,640,NULL,1310124,1310124,1310124,1310126,LIMIT,SELL,1,39,2018-08-29T00:05:08.126,2018-08-29T00:05:08.702
choice-moving,Surfer2@bmm,4840,322,6642,6642,640,NULL,1310125,1310125,1310125,0,LIMIT,BUY,1,58,2018-08-29T00:05:08.683,2018-08-29T00:05:08.702
choice-moving,Surfer2@bmm,4840,322,6642,6642,640,NULL,1310126,1310125,1310125,1310124,LIMIT,BUY,1,39,2018-08-29T00:05:08.695,2018-08-29T00:05:08.702
choice-moving,Surfer6@bmm,4844,322,6642,6642,640,NULL,1310127,1310127,1310127,1310109,LIMIT,BUY,1,58,2018-08-29T00:05:12.626,2018-08-29T00:05:12.634
choice-moving,Surfer5@bmm,4843,322,6642,6642,639,NULL,1310128,1310128,1310128,NULL,LIMIT,BUY,1,99,2018-08-29T00:05:14.772,2018-08-29T00:05:14.776
choice-moving,Surfer11@bmm,4849,322,6642,6642,640,NULL,1310129,1310129,1310129,1310155,LIMIT,BUY,1,18,2018-08-29T00:05:14.968,2018-08-29T00:06:09.258
choice-moving,Surfer3@bmm,4841,322,6642,6642,640,NULL,1310130,1310130,1310130,1310110,LIMIT,BUY,1,58,2018-08-29T00:05:16.206,2018-08-29T00:05:16.214
choice-moving,Surfer3@bmm,4841,322,6642,6642,640,NULL,1310131,1310131,1310131,1310112,LIMIT,BUY,1,58,2018-08-29T00:05:20.948,2018-08-29T00:05:20.956
choice-moving,Surfer13@bmm,4851,322,6642,6642,640,NULL,1310132,1310062,1310062,1310062,CANCEL,SELL,1,77,2018-08-29T00:05:23.865,2018-08-29T00:05:23.874
choice-moving,Surfer13@bmm,4851,322,6642,6642,640,NULL,1310133,1310133,1310133,1310135,LIMIT,SELL,1,46,2018-08-29T00:05:24.796,2018-08-29T00:05:26.691
choice-moving,Surfer11@bmm,4849,322,6642,6642,640,NULL,1310134,1310134,1310134,0,LIMIT,BUY,1,77,2018-08-29T00:05:26.676,2018-08-29T00:05:26.691
choice-moving,Surfer11@bmm,4849,322,6642,6642,640,NULL,1310135,1310134,1310134,1310133,LIMIT,BUY,1,46,2018-08-29T00:05:26.687,2018-08-29T00:05:26.692
choice-moving,Surfer6@bmm,4844,322,6642,6642,640,NULL,1310136,1310136,1310136,NULL,LIMIT,BUY,1,54,2018-08-29T00:05:28.289,2018-08-29T00:05:28.293
choice-moving,Surfer10@bmm,4848,322,6642,6642,640,NULL,1310137,1310137,1310137,1310180,LIMIT,BUY,1,45,2018-08-29T00:05:28.985,2018-08-29T00:08:30.480
choice-moving,Surfer10@bmm,4848,322,6642,6642,640,NULL,1310138,1310138,1310138,1310178,LIMIT,BUY,1,59,2018-08-29T00:05:31.928,2018-08-29T00:08:27.823
choice-moving,Surfer11@bmm,4849,322,6642,6642,640,NULL,1310139,1310139,1310139,1310059,LIMIT,BUY,1,80,2018-08-29T00:05:34.645,2018-08-29T00:05:34.655
choice-moving,Surfer11@bmm,4849,322,6642,6642,640,NULL,1310140,1310140,1310140,1310101,LIMIT,BUY,1,82,2018-08-29T00:05:36.987,2018-08-29T00:05:36.996
choice-moving,Surfer6@bmm,4844,322,6642,6642,640,NULL,1310141,1310141,1310141,1310143,LIMIT,SELL,1,93,2018-08-29T00:05:38.659,2018-08-29T00:05:42.260
choice-moving,Surfer11@bmm,4849,322,6642,6642,640,NULL,1310142,1310117,1310117,1310117,CANCEL,BUY,1,21,2018-08-29T00:05:40.852,2018-08-29T00:05:40.859
choice-moving,Surfer6@bmm,4844,322,6642,6642,640,NULL,1310143,1310141,1310141,1310141,CANCEL,SELL,1,93,2018-08-29T00:05:42.253,2018-08-29T00:05:42.260
choice-moving,Surfer10@bmm,4848,322,6642,6642,640,NULL,1310144,1310144,1310144,1310179,LIMIT,BUY,1,92,2018-08-29T00:05:42.540,2018-08-29T00:08:29.506
choice-moving,Surfer12@bmm,4850,322,6642,6642,640,NULL,1310145,1310145,1310145,NULL,LIMIT,BUY,1,93,2018-08-29T00:05:44.882,2018-08-29T00:05:44.885
choice-moving,Surfer10@bmm,4848,322,6642,6642,640,NULL,1310146,1310146,1310146,1310181,LIMIT,BUY,1,94,2018-08-29T00:05:47.366,2018-08-29T00:08:31.250
choice-moving,Surfer11@bmm,4849,322,6642,6642,640,NULL,1310147,1310147,1310147,1310197,LIMIT,BUY,1,95,2018-08-29T00:05:50.010,2018-08-29T00:10:08.164
choice-moving,Surfer10@bmm,4848,322,6642,6642,640,NULL,1310148,1310148,1310148,1310182,LIMIT,BUY,1,96,2018-08-29T00:05:54.644,2018-08-29T00:08:32.358
choice-moving,Surfer11@bmm,4849,322,6642,6642,640,NULL,1310149,1310149,1310149,1310198,LIMIT,BUY,1,97,2018-08-29T00:06:00.719,2018-08-29T00:10:08.581
choice-moving,Surfer10@bmm,4848,322,6642,6642,640,NULL,1310150,1310150,1310150,1310170,LIMIT,BUY,1,99,2018-08-29T00:06:03.884,2018-08-29T00:07:22.888
choice-moving,Surfer6@bmm,4844,322,6642,6642,640,NULL,1310151,1310151,1310151,1310171,LIMIT,BUY,1,99,2018-08-29T00:06:04.932,2018-08-29T00:07:22.888
choice-moving,Surfer5@bmm,4843,322,6642,6642,640,NULL,1310152,1310152,1310152,1310154,LIMIT,BUY,1,99,2018-08-29T00:06:05.517,2018-08-29T00:06:07.482
choice-moving,Surfer11@bmm,4849,322,6642,6642,640,NULL,1310153,1310153,1310153,1310172,LIMIT,BUY,1,99,2018-08-29T00:06:07.456,2018-08-29T00:07:22.889
choice-moving,Surfer5@bmm,4843,322,6642,6642,640,NULL,1310154,1310152,1310152,1310152,CANCEL,BUY,1,99,2018-08-29T00:06:07.470,2018-08-29T00:06:07.482
choice-moving,Surfer11@bmm,4849,322,6642,6642,640,NULL,1310155,1310129,1310129,1310129,CANCEL,BUY,1,18,2018-08-29T00:06:09.250,2018-08-29T00:06:09.257
choice-moving,Surfer11@bmm,4849,322,6642,6642,640,NULL,1310156,1310114,1310114,1310114,CANCEL,BUY,1,38,2018-08-29T00:06:10.444,2018-08-29T00:06:10.453
choice-moving,Surfer4@bmm,4842,322,6642,6642,641,NULL,1310157,1310064,1310064,1310064,CANCEL,SELL,1,80,2018-08-29T00:06:11.032,2018-08-29T00:06:11.039
choice-moving,Surfer8@bmm,4846,322,6642,6642,639,NULL,1310158,1310158,1310158,1310190,LIMIT,BUY,1,99,2018-08-29T00:06:11.973,2018-08-29T00:09:16.172
choice-moving,Surfer8@bmm,4846,322,6642,6642,639,NULL,1310159,1310159,1310159,1310189,LIMIT,BUY,1,99,2018-08-29T00:06:13.326,2018-08-29T00:09:15.486
choice-moving,Surfer5@bmm,4843,322,6642,6642,640,NULL,1310160,1310160,1310160,NULL,LIMIT,BUY,1,99,2018-08-29T00:06:16.693,2018-08-29T00:06:16.697
choice-moving,Surfer8@bmm,4846,322,6642,6642,641,NULL,1310161,1310161,1310161,NULL,LIMIT,SELL,1,1,2018-08-29T00:06:26.526,2018-08-29T00:06:26.529
choice-moving,Surfer8@bmm,4846,322,6642,6642,641,NULL,1310162,1310162,1310162,NULL,LIMIT,SELL,1,1,2018-08-29T00:06:26.798,2018-08-29T00:06:26.802
choice-moving,Surfer8@bmm,4846,322,6642,6642,641,NULL,1310163,1310163,1310163,NULL,LIMIT,SELL,1,1,2018-08-29T00:06:27.316,2018-08-29T00:06:27.320
choice-moving,Surfer6@bmm,4844,322,6642,6642,641,NULL,1310164,1310164,1310164,NULL,LIMIT,SELL,1,99,2018-08-29T00:06:38.942,2018-08-29T00:06:38.946
choice-moving,Surfer10@bmm,4848,322,6642,6642,641,NULL,1310165,1310052,1310052,1310052,CANCEL,SELL,1,3,2018-08-29T00:06:46.737,2018-08-29T00:06:46.743
choice-moving,Surfer6@bmm,4844,322,6642,6642,638,NULL,1310166,1310166,1310166,NULL,LIMIT,BUY,1,1,2018-08-29T00:06:47.234,2018-08-29T00:06:47.239
choice-moving,Surfer6@bmm,4844,322,6642,6642,638,NULL,1310167,1310167,1310167,NULL,LIMIT,BUY,1,99,2018-08-29T00:06:57.725,2018-08-29T00:06:57.728
choice-moving,Surfer6@bmm,4844,322,6642,6642,640,NULL,1310168,1310095,1310095,1310095,CANCEL,BUY,1,0,2018-08-29T00:07:06.281,2018-08-29T00:07:06.289
choice-moving,Surfer1@bmm,4839,322,6642,6642,640,NULL,1310169,1310169,1310169,0,LIMIT,SELL,3,99,2018-08-29T00:07:22.869,2018-08-29T00:07:22.888
choice-moving,Surfer1@bmm,4839,322,6642,6642,640,NULL,1310170,1310169,1310169,1310150,LIMIT,SELL,1,99,2018-08-29T00:07:22.875,2018-08-29T00:07:22.888
choice-moving,Surfer1@bmm,4839,322,6642,6642,640,NULL,1310171,1310169,1310169,1310151,LIMIT,SELL,1,99,2018-08-29T00:07:22.880,2018-08-29T00:07:22.888
choice-moving,Surfer1@bmm,4839,322,6642,6642,640,NULL,1310172,1310169,1310169,1310153,LIMIT,SELL,1,99,2018-08-29T00:07:22.884,2018-08-29T00:07:22.889
choice-moving,Surfer10@bmm,4848,322,6642,6642,640,NULL,1310173,1310173,1310173,NULL,LIMIT,BUY,1,99,2018-08-29T00:07:31.399,2018-08-29T00:07:31.403
choice-moving,Surfer10@bmm,4848,322,6642,6642,640,NULL,1310174,1310174,1310174,NULL,LIMIT,BUY,1,99,2018-08-29T00:07:34.025,2018-08-29T00:07:34.029
choice-moving,Surfer10@bmm,4848,322,6642,6642,640,NULL,1310175,1310175,1310175,NULL,LIMIT,BUY,1,99,2018-08-29T00:07:34.275,2018-08-29T00:07:34.279
choice-moving,Surfer11@bmm,4849,322,6642,6642,640,NULL,1310176,1310176,1310176,1310199,LIMIT,BUY,1,99,2018-08-29T00:07:34.783,2018-08-29T00:10:09.067
choice-moving,Surfer6@bmm,4844,322,6642,6642,640,NULL,1310177,1310177,1310177,NULL,LIMIT,BUY,1,99,2018-08-29T00:08:10.282,2018-08-29T00:08:10.285
choice-moving,Surfer10@bmm,4848,322,6642,6642,640,NULL,1310178,1310138,1310138,1310138,CANCEL,BUY,1,59,2018-08-29T00:08:27.816,2018-08-29T00:08:27.823
choice-moving,Surfer10@bmm,4848,322,6642,6642,640,NULL,1310179,1310144,1310144,1310144,CANCEL,BUY,1,92,2018-08-29T00:08:29.499,2018-08-29T00:08:29.506
choice-moving,Surfer10@bmm,4848,322,6642,6642,640,NULL,1310180,1310137,1310137,1310137,CANCEL,BUY,1,45,2018-08-29T00:08:30.473,2018-08-29T00:08:30.480
choice-moving,Surfer10@bmm,4848,322,6642,6642,640,NULL,1310181,1310146,1310146,1310146,CANCEL,BUY,1,94,2018-08-29T00:08:31.243,2018-08-29T00:08:31.250
choice-moving,Surfer10@bmm,4848,322,6642,6642,640,NULL,1310182,1310148,1310148,1310148,CANCEL,BUY,1,96,2018-08-29T00:08:32.351,2018-08-29T00:08:32.358
choice-moving,Surfer10@bmm,4848,322,6642,6642,641,NULL,1310183,1310046,1310046,1310046,CANCEL,SELL,1,8,2018-08-29T00:08:37.814,2018-08-29T00:08:37.824
choice-moving,Surfer5@bmm,4843,322,6642,6642,640,NULL,1310184,1310184,1310184,NULL,LIMIT,BUY,1,3,2018-08-29T00:08:56.584,2018-08-29T00:08:56.588
choice-moving,Surfer2@bmm,4840,322,6642,6642,638,NULL,1310185,1310037,1310037,1310037,CANCEL,BUY,1,91,2018-08-29T00:09:11.234,2018-08-29T00:09:11.242
choice-moving,Surfer8@bmm,4846,322,6642,6642,638,NULL,1310186,1310090,1310090,1310090,CANCEL,BUY,1,99,2018-08-29T00:09:11.250,2018-08-29T00:09:11.258
choice-moving,Surfer8@bmm,4846,322,6642,6642,638,NULL,1310187,1310086,1310086,1310086,CANCEL,BUY,1,99,2018-08-29T00:09:12.677,2018-08-29T00:09:12.683
choice-moving,Surfer8@bmm,4846,322,6642,6642,638,NULL,1310188,1310081,1310081,1310081,CANCEL,BUY,1,99,2018-08-29T00:09:13.869,2018-08-29T00:09:13.875
choice-moving,Surfer8@bmm,4846,322,6642,6642,639,NULL,1310189,1310159,1310159,1310159,CANCEL,BUY,1,99,2018-08-29T00:09:15.480,2018-08-29T00:09:15.486
choice-moving,Surfer8@bmm,4846,322,6642,6642,639,NULL,1310190,1310158,1310158,1310158,CANCEL,BUY,1,99,2018-08-29T00:09:16.165,2018-08-29T00:09:16.172
choice-moving,Surfer4@bmm,4842,322,6642,6642,638,NULL,1310191,1310191,1310191,NULL,LIMIT,BUY,1,99,2018-08-29T00:09:28.982,2018-08-29T00:09:28.986
choice-moving,Surfer10@bmm,4848,322,6642,6642,639,NULL,1310192,1310192,1310192,1310194,LIMIT,SELL,1,100,2018-08-29T00:09:35.078,2018-08-29T00:09:55.686
choice-moving,Surfer11@bmm,4849,322,6642,6642,640,NULL,1310193,1310193,1310193,1310200,LIMIT,SELL,1,100,2018-08-29T00:09:41.594,2018-08-29T00:10:10.492
choice-moving,Surfer8@bmm,4846,322,6642,6642,639,NULL,1310194,1310194,1310194,1310192,LIMIT,BUY,1,100,2018-08-29T00:09:55.678,2018-08-29T00:09:55.685
choice-moving,Surfer2@bmm,4840,322,6642,6642,639,NULL,1310195,1310040,1310040,1310040,CANCEL,BUY,1,85,2018-08-29T00:09:57.456,2018-08-29T00:09:57.462
choice-moving,Surfer1@bmm,4839,322,6642,6642,639,NULL,1310196,1310196,1310196,NULL,LIMIT,BUY,2,25,2018-08-29T00:10:00.653,2018-08-29T00:10:00.656
choice-moving,Surfer11@bmm,4849,322,6642,6642,640,NULL,1310197,1310147,1310147,1310147,CANCEL,BUY,1,95,2018-08-29T00:10:08.156,2018-08-29T00:10:08.163
choice-moving,Surfer11@bmm,4849,322,6642,6642,640,NULL,1310198,1310149,1310149,1310149,CANCEL,BUY,1,97,2018-08-29T00:10:08.574,2018-08-29T00:10:08.580
choice-moving,Surfer11@bmm,4849,322,6642,6642,640,NULL,1310199,1310176,1310176,1310176,CANCEL,BUY,1,99,2018-08-29T00:10:09.059,2018-08-29T00:10:09.067
choice-moving,Surfer11@bmm,4849,322,6642,6642,640,NULL,1310200,1310193,1310193,1310193,CANCEL,SELL,1,100,2018-08-29T00:10:10.485,2018-08-29T00:10:10.492