account,email,owner,marketplace,session,period,market,target,order,original,supplier,consumer,type,side,units,price,createdDate,lastModifiedDate
choice-moving,Surfer4@bmm,4842,324,6644,6644,646,NULL,1310351,1310351,1310351,NULL,LIMIT,BUY,1,99,2018-08-29T00:20:56.807,2018-08-29T00:20:56.810
choice-moving,Surfer5@bmm,4843,324,6644,6644,646,NULL,1310352,1310352,1310352,NULL,LIMIT,BUY,1,99,2018-08-29T00:20:59.925,2018-08-29T00:20:59.928
choice-moving,Surfer13@bmm,4851,324,6644,6644,646,NULL,1310353,1310353,1310353,NULL,LIMIT,BUY,1,99,2018-08-29T00:21:05.358,2018-08-29T00:21:05.361
choice-moving,Surfer10@bmm,4848,324,6644,6644,648,NULL,1310354,1310354,1310354,1310520,LIMIT,BUY,1,82,2018-08-29T00:21:05.483,2018-08-29T00:28:00.209
choice-moving,Surfer10@bmm,4848,324,6644,6644,648,NULL,1310355,1310355,1310355,1310518,LIMIT,BUY,1,82,2018-08-29T00:21:06.598,2018-08-29T00:27:59.874
choice-moving,Surfer6@bmm,4844,324,6644,6644,648,NULL,1310356,1310356,1310356,NULL,LIMIT,BUY,1,4,2018-08-29T00:21:08.734,2018-08-29T00:21:08.737
choice-moving,Surfer10@bmm,4848,324,6644,6644,648,NULL,1310357,1310357,1310357,1310489,LIMIT,BUY,1,65,2018-08-29T00:21:08.764,2018-08-29T00:23:55.719
choice-moving,Surfer10@bmm,4848,324,6644,6644,648,NULL,1310358,1310358,1310358,1310490,LIMIT,BUY,1,37,2018-08-29T00:21:10.862,2018-08-29T00:23:58.357
choice-moving,Surfer6@bmm,4844,324,6644,6644,648,NULL,1310359,1310359,1310359,1310495,LIMIT,BUY,1,86,2018-08-29T00:21:11.233,2018-08-29T00:24:28.387
choice-moving,Surfer7@bmm,4845,324,6644,6644,648,NULL,1310360,1310360,1310360,1310455,LIMIT,BUY,1,80,2018-08-29T00:21:13.829,2018-08-29T00:23:06.583
choice-moving,Surfer12@bmm,4850,324,6644,6644,646,NULL,1310361,1310361,1310361,NULL,LIMIT,BUY,1,98,2018-08-29T00:21:13.944,2018-08-29T00:21:13.947
choice-moving,Surfer6@bmm,4844,324,6644,6644,648,NULL,1310362,1310362,1310362,NULL,LIMIT,BUY,1,98,2018-08-29T00:21:15.416,2018-08-29T00:21:15.419
choice-moving,Surfer7@bmm,4845,324,6644,6644,648,NULL,1310363,1310363,1310363,1310454,LIMIT,BUY,1,88,2018-08-29T00:21:18.330,2018-08-29T00:23:04.990
choice-moving,Surfer11@bmm,4849,324,6644,6644,648,NULL,1310364,1310364,1310364,1310535,LIMIT,BUY,1,99,2018-08-29T00:21:20.394,2018-08-29T00:28:44.731
choice-moving,Surfer9@bmm,4847,324,6644,6644,646,NULL,1310365,1310365,1310365,NULL,LIMIT,BUY,1,99,2018-08-29T00:21:21.047,2018-08-29T00:21:21.050
choice-moving,Surfer2@bmm,4840,324,6644,6644,649,NULL,1310366,1310366,1310366,1310376,LIMIT,SELL,1,35,2018-08-29T00:21:22.352,2018-08-29T00:21:32.261
choice-moving,Surfer3@bmm,4841,324,6644,6644,647,NULL,1310367,1310367,1310367,1310456,LIMIT,BUY,1,91,2018-08-29T00:21:22.528,2018-08-29T00:23:06.690
choice-moving,Surfer8@bmm,4846,324,6644,6644,649,NULL,1310368,1310368,1310368,1310378,LIMIT,SELL,1,70,2018-08-29T00:21:22.884,2018-08-29T00:21:32.514
choice-moving,Surfer11@bmm,4849,324,6644,6644,646,NULL,1310369,1310369,1310369,1310533,LIMIT,BUY,1,99,2018-08-29T00:21:25.280,2018-08-29T00:28:42.993
choice-moving,Surfer8@bmm,4846,324,6644,6644,649,NULL,1310370,1310370,1310370,1310372,LIMIT,SELL,1,24,2018-08-29T00:21:28.788,2018-08-29T00:21:29.396
choice-moving,Surfer10@bmm,4848,324,6644,6644,649,NULL,1310371,1310371,1310371,0,LIMIT,BUY,1,35,2018-08-29T00:21:29.382,2018-08-29T00:21:29.395
choice-moving,Surfer10@bmm,4848,324,6644,6644,649,NULL,1310372,1310371,1310371,1310370,LIMIT,BUY,1,24,2018-08-29T00:21:29.391,2018-08-29T00:21:29.396
choice-moving,Surfer9@bmm,4847,324,6644,6644,647,NULL,1310373,1310373,1310373,1310445,LIMIT,BUY,1,99,2018-08-29T00:21:29.920,2018-08-29T00:22:53.909
choice-moving,Surfer1@bmm,4839,324,6644,6644,646,NULL,1310374,1310374,1310374,1310484,LIMIT,BUY,3,99,2018-08-29T00:21:29.930,2018-08-29T00:23:34.834
choice-moving,Surfer7@bmm,4845,324,6644,6644,649,NULL,1310375,1310375,1310375,0,LIMIT,BUY,1,79,2018-08-29T00:21:32.248,2018-08-29T00:21:32.261
choice-moving,Surfer7@bmm,4845,324,6644,6644,649,NULL,1310376,1310375,1310375,1310366,LIMIT,BUY,1,35,2018-08-29T00:21:32.256,2018-08-29T00:21:32.261
choice-moving,Surfer7@bmm,4845,324,6644,6644,649,NULL,1310377,1310377,1310377,0,LIMIT,BUY,1,79,2018-08-29T00:21:32.503,2018-08-29T00:21:32.514
choice-moving,Surfer7@bmm,4845,324,6644,6644,649,NULL,1310378,1310377,1310377,1310368,LIMIT,BUY,1,70,2018-08-29T00:21:32.510,2018-08-29T00:21:32.515
choice-moving,Surfer9@bmm,4847,324,6644,6644,647,NULL,1310379,1310379,1310379,1310446,LIMIT,BUY,1,99,2018-08-29T00:21:33.118,2018-08-29T00:22:54.226
choice-moving,Surfer4@bmm,4842,324,6644,6644,649,NULL,1310380,1310380,1310380,1310391,LIMIT,SELL,1,72,2018-08-29T00:21:33.446,2018-08-29T00:21:39.129
choice-moving,Surfer12@bmm,4850,324,6644,6644,649,NULL,1310381,1310381,1310381,1310384,LIMIT,SELL,1,25,2018-08-29T00:21:33.783,2018-08-29T00:21:34.769
choice-moving,Surfer9@bmm,4847,324,6644,6644,647,NULL,1310382,1310382,1310382,1310447,LIMIT,BUY,1,99,2018-08-29T00:21:34.711,2018-08-29T00:22:54.859
choice-moving,Surfer10@bmm,4848,324,6644,6644,649,NULL,1310383,1310383,1310383,0,LIMIT,BUY,1,35,2018-08-29T00:21:34.756,2018-08-29T00:21:34.768
choice-moving,Surfer10@bmm,4848,324,6644,6644,649,NULL,1310384,1310383,1310383,1310381,LIMIT,BUY,1,25,2018-08-29T00:21:34.764,2018-08-29T00:21:34.769
choice-moving,Surfer10@bmm,4848,324,6644,6644,649,NULL,1310385,1310385,1310385,1310483,LIMIT,BUY,1,35,2018-08-29T00:21:35.510,2018-08-29T00:23:31.531
choice-moving,Surfer8@bmm,4846,324,6644,6644,649,NULL,1310386,1310386,1310386,1310388,LIMIT,SELL,1,68,2018-08-29T00:21:36.287,2018-08-29T00:21:36.392
choice-moving,Surfer7@bmm,4845,324,6644,6644,649,NULL,1310387,1310387,1310387,0,LIMIT,BUY,1,79,2018-08-29T00:21:36.381,2018-08-29T00:21:36.392
choice-moving,Surfer7@bmm,4845,324,6644,6644,649,NULL,1310388,1310387,1310387,1310386,LIMIT,BUY,1,68,2018-08-29T00:21:36.388,2018-08-29T00:21:36.393
choice-moving,Surfer9@bmm,4847,324,6644,6644,648,NULL,1310389,1310389,1310389,NULL,LIMIT,BUY,1,99,2018-08-29T00:21:39.103,2018-08-29T00:21:39.107
choice-moving,Surfer7@bmm,4845,324,6644,6644,649,NULL,1310390,1310390,1310390,0,LIMIT,BUY,1,85,2018-08-29T00:21:39.117,2018-08-29T00:21:39.129
choice-moving,Surfer7@bmm,4845,324,6644,6644,649,NULL,1310391,1310390,1310390,1310380,LIMIT,BUY,1,72,2018-08-29T00:21:39.125,2018-08-29T00:21:39.129
choice-moving,Surfer10@bmm,4848,324,6644,6644,649,NULL,1310392,1310392,1310392,1310394,LIMIT,BUY,1,77,2018-08-29T00:21:39.140,2018-08-29T00:21:39.323
choice-moving,Surfer12@bmm,4850,324,6644,6644,649,NULL,1310393,1310393,1310393,0,LIMIT,SELL,1,44,2018-08-29T00:21:39.311,2018-08-29T00:21:39.323
choice-moving,Surfer12@bmm,4850,324,6644,6644,649,NULL,1310394,1310393,1310393,1310392,LIMIT,SELL,1,77,2018-08-29T00:21:39.319,2018-08-29T00:21:39.323
choice-moving,Surfer4@bmm,4842,324,6644,6644,648,NULL,1310395,1310395,1310395,NULL,LIMIT,BUY,1,99,2018-08-29T00:21:40.684,2018-08-29T00:21:40.688
choice-moving,Surfer8@bmm,4846,324,6644,6644,649,NULL,1310396,1310396,1310396,1310402,LIMIT,SELL,1,90,2018-08-29T00:21:41.708,2018-08-29T00:21:45.480
choice-moving,Surfer9@bmm,4847,324,6644,6644,648,NULL,1310397,1310397,1310397,NULL,LIMIT,BUY,1,99,2018-08-29T00:21:42.817,2018-08-29T00:21:42.820
choice-moving,Surfer5@bmm,4843,324,6644,6644,648,NULL,1310398,1310398,1310398,NULL,LIMIT,BUY,3,99,2018-08-29T00:21:43.295,2018-08-29T00:21:43.320
choice-moving,Surfer7@bmm,4845,324,6644,6644,649,NULL,1310399,1310399,1310399,1310405,LIMIT,BUY,1,85,2018-08-29T00:21:43.424,2018-08-29T00:21:46.426
choice-moving,Surfer7@bmm,4845,324,6644,6644,649,NULL,1310400,1310400,1310400,1310411,LIMIT,BUY,1,85,2018-08-29T00:21:44.344,2018-08-29T00:21:52.756
choice-moving,Surfer10@bmm,4848,324,6644,6644,649,NULL,1310401,1310401,1310401,0,LIMIT,BUY,1,91,2018-08-29T00:21:45.469,2018-08-29T00:21:45.480
choice-moving,Surfer10@bmm,4848,324,6644,6644,649,NULL,1310402,1310401,1310401,1310396,LIMIT,BUY,1,90,2018-08-29T00:21:45.476,2018-08-29T00:21:45.480
choice-moving,Surfer4@bmm,4842,324,6644,6644,647,NULL,1310403,1310403,1310403,1310448,LIMIT,BUY,1,99,2018-08-29T00:21:46.237,2018-08-29T00:22:55.605
choice-moving,Surfer12@bmm,4850,324,6644,6644,649,NULL,1310404,1310404,1310404,0,LIMIT,SELL,1,82,2018-08-29T00:21:46.413,2018-08-29T00:21:46.426
choice-moving,Surfer12@bmm,4850,324,6644,6644,649,NULL,1310405,1310404,1310404,1310399,LIMIT,SELL,1,85,2018-08-29T00:21:46.422,2018-08-29T00:21:46.426
choice-moving,Surfer10@bmm,4848,324,6644,6644,649,NULL,1310406,1310406,1310406,1310421,LIMIT,BUY,1,91,2018-08-29T00:21:47.524,2018-08-29T00:22:12.380
choice-moving,Surfer10@bmm,4848,324,6644,6644,649,NULL,1310407,1310407,1310407,1310482,LIMIT,BUY,1,91,2018-08-29T00:21:47.763,2018-08-29T00:23:30.608
choice-moving,Surfer10@bmm,4848,324,6644,6644,649,NULL,1310408,1310408,1310408,1310481,LIMIT,BUY,1,91,2018-08-29T00:21:48.005,2018-08-29T00:23:29.916
choice-moving,Surfer5@bmm,4843,324,6644,6644,647,NULL,1310409,1310409,1310409,NULL,LIMIT,BUY,1,99,2018-08-29T00:21:49.942,2018-08-29T00:21:49.945
choice-moving,Surfer4@bmm,4842,324,6644,6644,646,NULL,1310410,1310410,1310410,NULL,LIMIT,BUY,1,99,2018-08-29T00:21:52.043,2018-08-29T00:21:52.047
choice-moving,Surfer7@bmm,4845,324,6644,6644,649,NULL,1310411,1310400,1310400,1310400,CANCEL,BUY,1,85,2018-08-29T00:21:52.750,2018-08-29T00:21:52.756
choice-moving,Surfer12@bmm,4850,324,6644,6644,649,NULL,1310412,1310412,1310412,1310414,LIMIT,SELL,1,96,2018-08-29T00:21:52.885,2018-08-29T00:21:57.534
choice-moving,Surfer13@bmm,4851,324,6644,6644,647,NULL,1310413,1310413,1310413,NULL,LIMIT,BUY,1,99,2018-08-29T00:21:53.248,2018-08-29T00:21:53.251
choice-moving,Surfer7@bmm,4845,324,6644,6644,649,NULL,1310414,1310414,1310414,1310412,LIMIT,BUY,1,96,2018-08-29T00:21:57.526,2018-08-29T00:21:57.533
choice-moving,Surfer4@bmm,4842,324,6644,6644,647,NULL,1310415,1310415,1310415,NULL,LIMIT,BUY,1,99,2018-08-29T00:21:57.798,2018-08-29T00:21:57.802
choice-moving,Surfer7@bmm,4845,324,6644,6644,649,NULL,1310416,1310416,1310416,1310418,LIMIT,BUY,1,92,2018-08-29T00:22:01.201,2018-08-29T00:22:02.576
choice-moving,Surfer2@bmm,4840,324,6644,6644,649,NULL,1310417,1310417,1310417,0,LIMIT,SELL,1,90,2018-08-29T00:22:02.564,2018-08-29T00:22:02.575
choice-moving,Surfer2@bmm,4840,324,6644,6644,649,NULL,1310418,1310417,1310417,1310416,LIMIT,SELL,1,92,2018-08-29T00:22:02.571,2018-08-29T00:22:02.576
choice-moving,Surfer7@bmm,4845,324,6644,6644,649,NULL,1310419,1310419,1310419,NULL,LIMIT,BUY,1,64,2018-08-29T00:22:08.407,2018-08-29T00:22:08.410
choice-moving,Surfer2@bmm,4840,324,6644,6644,649,NULL,1310420,1310420,1310420,0,LIMIT,SELL,1,90,2018-08-29T00:22:12.369,2018-08-29T00:22:12.380
choice-moving,Surfer2@bmm,4840,324,6644,6644,649,NULL,1310421,1310420,1310420,1310406,LIMIT,SELL,1,91,2018-08-29T00:22:12.376,2018-08-29T00:22:12.380
choice-moving,Surfer5@bmm,4843,324,6644,6644,647,NULL,1310422,1310422,1310422,1310532,LIMIT,BUY,1,99,2018-08-29T00:22:12.840,2018-08-29T00:28:41.920
choice-moving,Surfer6@bmm,4844,324,6644,6644,649,NULL,1310423,1310423,1310423,1310425,LIMIT,BUY,1,99,2018-08-29T00:22:12.990,2018-08-29T00:22:13.942
choice-moving,Surfer4@bmm,4842,324,6644,6644,649,NULL,1310424,1310424,1310424,0,LIMIT,SELL,1,80,2018-08-29T00:22:13.926,2018-08-29T00:22:13.941
choice-moving,Surfer4@bmm,4842,324,6644,6644,649,NULL,1310425,1310424,1310424,1310423,LIMIT,SELL,1,99,2018-08-29T00:22:13.937,2018-08-29T00:22:13.942
choice-moving,Surfer6@bmm,4844,324,6644,6644,649,NULL,1310426,1310426,1310426,1310434,LIMIT,BUY,1,94,2018-08-29T00:22:15.808,2018-08-29T00:22:29.016
choice-moving,Surfer10@bmm,4848,324,6644,6644,647,NULL,1310427,1310427,1310427,1310444,LIMIT,SELL,1,100,2018-08-29T00:22:21.130,2018-08-29T00:22:48.649
choice-moving,Surfer10@bmm,4848,324,6644,6644,647,NULL,1310428,1310428,1310428,1310443,LIMIT,SELL,1,100,2018-08-29T00:22:22.059,2018-08-29T00:22:47.890
choice-moving,Surfer10@bmm,4848,324,6644,6644,647,NULL,1310429,1310429,1310429,1310440,LIMIT,SELL,1,100,2018-08-29T00:22:22.310,2018-08-29T00:22:46.003
choice-moving,Surfer10@bmm,4848,324,6644,6644,647,NULL,1310430,1310430,1310430,1310439,LIMIT,SELL,1,100,2018-08-29T00:22:22.706,2018-08-29T00:22:45.086
choice-moving,Surfer2@bmm,4840,324,6644,6644,649,NULL,1310431,1310431,1310431,1310436,LIMIT,SELL,1,98,2018-08-29T00:22:22.747,2018-08-29T00:22:34.915
choice-moving,Surfer6@bmm,4844,324,6644,6644,646,NULL,1310432,1310432,1310432,NULL,LIMIT,BUY,1,99,2018-08-29T00:22:26.355,2018-08-29T00:22:26.358
choice-moving,Surfer4@bmm,4842,324,6644,6644,649,NULL,1310433,1310433,1310433,0,LIMIT,SELL,1,93,2018-08-29T00:22:29.004,2018-08-29T00:22:29.015
choice-moving,Surfer4@bmm,4842,324,6644,6644,649,NULL,1310434,1310433,1310433,1310426,LIMIT,SELL,1,94,2018-08-29T00:22:29.011,2018-08-29T00:22:29.016
choice-moving,Surfer6@bmm,4844,324,6644,6644,649,NULL,1310435,1310435,1310435,0,LIMIT,BUY,1,99,2018-08-29T00:22:34.904,2018-08-29T00:22:34.915
choice-moving,Surfer6@bmm,4844,324,6644,6644,649,NULL,1310436,1310435,1310435,1310431,LIMIT,BUY,1,98,2018-08-29T00:22:34.911,2018-08-29T00:22:34.915
choice-moving,Surfer9@bmm,4847,324,6644,6644,649,NULL,1310437,1310437,1310437,1310438,LIMIT,BUY,1,98,2018-08-29T00:22:36.044,2018-08-29T00:22:36.896
choice-moving,Surfer4@bmm,4842,324,6644,6644,649,NULL,1310438,1310438,1310438,1310437,LIMIT,SELL,1,98,2018-08-29T00:22:36.887,2018-08-29T00:22:36.896
choice-moving,Surfer10@bmm,4848,324,6644,6644,647,NULL,1310439,1310430,1310430,1310430,CANCEL,SELL,1,100,2018-08-29T00:22:45.080,2018-08-29T00:22:45.086
choice-moving,Surfer10@bmm,4848,324,6644,6644,647,NULL,1310440,1310429,1310429,1310429,CANCEL,SELL,1,100,2018-08-29T00:22:45.996,2018-08-29T00:22:46.003
choice-moving,Surfer10@bmm,4848,324,6644,6644,647,NULL,1310441,1310429,1310429,1310441,CANCEL,SELL,1,100,2018-08-29T00:22:46.252,2018-08-29T00:22:46.258
choice-moving,Surfer6@bmm,4844,324,6644,6644,649,NULL,1310442,1310442,1310442,NULL,LIMIT,BUY,1,92,2018-08-29T00:22:47.161,2018-08-29T00:22:47.164
choice-moving,Surfer10@bmm,4848,324,6644,6644,647,NULL,1310443,1310428,1310428,1310428,CANCEL,SELL,1,100,2018-08-29T00:22:47.884,2018-08-29T00:22:47.890
choice-moving,Surfer10@bmm,4848,324,6644,6644,647,NULL,1310444,1310427,1310427,1310427,CANCEL,SELL,1,100,2018-08-29T00:22:48.642,2018-08-29T00:22:48.649
choice-moving,Surfer10@bmm,4848,324,6644,6644,647,NULL,1310445,1310445,1310445,1310373,LIMIT,SELL,1,99,2018-08-29T00:22:53.901,2018-08-29T00:22:53.909
choice-moving,Surfer10@bmm,4848,324,6644,6644,647,NULL,1310446,1310446,1310446,1310379,LIMIT,SELL,1,99,2018-08-29T00:22:54.219,2018-08-29T00:22:54.226
choice-moving,Surfer10@bmm,4848,324,6644,6644,647,NULL,1310447,1310447,1310447,1310382,LIMIT,SELL,1,99,2018-08-29T00:22:54.851,2018-08-29T00:22:54.859
choice-moving,Surfer10@bmm,4848,324,6644,6644,647,NULL,1310448,1310448,1310448,1310403,LIMIT,SELL,1,99,2018-08-29T00:22:55.597,2018-08-29T00:22:55.605
choice-moving,Surfer4@bmm,4842,324,6644,6644,648,NULL,1310449,1310449,1310449,NULL,LIMIT,BUY,1,99,2018-08-29T00:23:00.624,2018-08-29T00:23:00.628
choice-moving,Surfer10@bmm,4848,324,6644,6644,649,NULL,1310450,1310450,1310450,1310476,LIMIT,BUY,1,92,2018-08-29T00:23:02.140,2018-08-29T00:23:27.092
choice-moving,Surfer11@bmm,4849,324,6644,6644,649,NULL,1310451,1310451,1310451,1310472,LIMIT,BUY,1,35,2018-08-29T00:23:03.098,2018-08-29T00:23:20.864
choice-moving,Surfer6@bmm,4844,324,6644,6644,647,NULL,1310452,1310452,1310452,NULL,LIMIT,BUY,1,99,2018-08-29T00:23:03.458,2018-08-29T00:23:03.461
choice-moving,Surfer10@bmm,4848,324,6644,6644,649,NULL,1310453,1310453,1310453,1310480,LIMIT,BUY,1,91,2018-08-29T00:23:03.848,2018-08-29T00:23:29.495
choice-moving,Surfer7@bmm,4845,324,6644,6644,648,NULL,1310454,1310363,1310363,1310363,CANCEL,BUY,1,88,2018-08-29T00:23:04.983,2018-08-29T00:23:04.989
choice-moving,Surfer7@bmm,4845,324,6644,6644,648,NULL,1310455,1310360,1310360,1310360,CANCEL,BUY,1,80,2018-08-29T00:23:06.576,2018-08-29T00:23:06.582
choice-moving,Surfer3@bmm,4841,324,6644,6644,647,NULL,1310456,1310367,1310367,1310367,CANCEL,BUY,1,91,2018-08-29T00:23:06.681,2018-08-29T00:23:06.689
choice-moving,Surfer4@bmm,4842,324,6644,6644,646,NULL,1310457,1310457,1310457,1310516,LIMIT,BUY,1,98,2018-08-29T00:23:08.854,2018-08-29T00:27:55.757
choice-moving,Surfer10@bmm,4848,324,6644,6644,649,NULL,1310458,1310458,1310458,1310478,LIMIT,BUY,1,91,2018-08-29T00:23:08.909,2018-08-29T00:23:28.979
choice-moving,Surfer10@bmm,4848,324,6644,6644,649,NULL,1310459,1310459,1310459,1310477,LIMIT,BUY,1,91,2018-08-29T00:23:09.813,2018-08-29T00:23:28.027
choice-moving,Surfer8@bmm,4846,324,6644,6644,649,NULL,1310460,1310460,1310460,1310493,LIMIT,BUY,1,99,2018-08-29T00:23:10.816,2018-08-29T00:24:05.310
choice-moving,Surfer1@bmm,4839,324,6644,6644,649,NULL,1310461,1310461,1310461,NULL,LIMIT,BUY,3,95,2018-08-29T00:23:10.990,2018-08-29T00:23:10.993
choice-moving,Surfer8@bmm,4846,324,6644,6644,649,NULL,1310462,1310462,1310462,1310492,LIMIT,BUY,1,99,2018-08-29T00:23:11.649,2018-08-29T00:24:04.608
choice-moving,Surfer8@bmm,4846,324,6644,6644,649,NULL,1310463,1310463,1310463,1310491,LIMIT,BUY,1,99,2018-08-29T00:23:13.218,2018-08-29T00:24:03.732
choice-moving,Surfer11@bmm,4849,324,6644,6644,649,NULL,1310464,1310464,1310464,1310470,LIMIT,BUY,2,98,2018-08-29T00:23:14.003,2018-08-29T00:23:18.951
choice-moving,Surfer6@bmm,4844,324,6644,6644,646,NULL,1310465,1310465,1310465,NULL,LIMIT,BUY,1,1,2018-08-29T00:23:14.051,2018-08-29T00:23:14.054
choice-moving,Surfer3@bmm,4841,324,6644,6644,647,NULL,1310466,1310466,1310466,1310500,LIMIT,BUY,1,99,2018-08-29T00:23:15.194,2018-08-29T00:25:48.021
choice-moving,Surfer11@bmm,4849,324,6644,6644,649,NULL,1310467,1310467,1310467,1310503,LIMIT,BUY,2,99,2018-08-29T00:23:16.396,2018-08-29T00:27:05.486
choice-moving,Surfer5@bmm,4843,324,6644,6644,649,NULL,1310468,1310468,1310468,1310524,LIMIT,BUY,1,99,2018-08-29T00:23:17.580,2018-08-29T00:28:17.022
choice-moving,Surfer4@bmm,4842,324,6644,6644,647,NULL,1310469,1310469,1310469,1310521,LIMIT,BUY,1,98,2018-08-29T00:23:17.724,2018-08-29T00:28:00.326
choice-moving,Surfer11@bmm,4849,324,6644,6644,649,NULL,1310470,1310464,1310464,1310464,CANCEL,BUY,2,98,2018-08-29T00:23:18.945,2018-08-29T00:23:18.951
choice-moving,Surfer6@bmm,4844,324,6644,6644,647,NULL,1310471,1310471,1310471,NULL,LIMIT,BUY,1,1,2018-08-29T00:23:19.434,2018-08-29T00:23:19.437
choice-moving,Surfer11@bmm,4849,324,6644,6644,649,NULL,1310472,1310451,1310451,1310451,CANCEL,BUY,1,35,2018-08-29T00:23:20.857,2018-08-29T00:23:20.864
choice-moving,Surfer7@bmm,4845,324,6644,6644,649,NULL,1310473,1310473,1310473,NULL,LIMIT,BUY,1,99,2018-08-29T00:23:24.719,2018-08-29T00:23:24.722
choice-moving,Surfer7@bmm,4845,324,6644,6644,649,NULL,1310474,1310474,1310474,NULL,LIMIT,BUY,1,99,2018-08-29T00:23:25.048,2018-08-29T00:23:25.051
choice-moving,Surfer5@bmm,4843,324,6644,6644,649,NULL,1310475,1310475,1310475,1310519,LIMIT,BUY,1,99,2018-08-29T00:23:25.519,2018-08-29T00:28:00.103
choice-moving,Surfer10@bmm,4848,324,6644,6644,649,NULL,1310476,1310450,1310450,1310450,CANCEL,BUY,1,92,2018-08-29T00:23:27.078,2018-08-29T00:23:27.092
choice-moving,Surfer10@bmm,4848,324,6644,6644,649,NULL,1310477,1310459,1310459,1310459,CANCEL,BUY,1,91,2018-08-29T00:23:28.020,2018-08-29T00:23:28.027
choice-moving,Surfer10@bmm,4848,324,6644,6644,649,NULL,1310478,1310458,1310458,1310458,CANCEL,BUY,1,91,2018-08-29T00:23:28.972,2018-08-29T00:23:28.979
choice-moving,Surfer10@bmm,4848,324,6644,6644,649,NULL,1310479,1310458,1310458,1310479,CANCEL,BUY,1,91,2018-08-29T00:23:29.225,2018-08-29T00:23:29.237
choice-moving,Surfer10@bmm,4848,324,6644,6644,649,NULL,1310480,1310453,1310453,1310453,CANCEL,BUY,1,91,2018-08-29T00:23:29.485,2018-08-29T00:23:29.495
choice-moving,Surfer10@bmm,4848,324,6644,6644,649,NULL,1310481,1310408,1310408,1310408,CANCEL,BUY,1,91,2018-08-29T00:23:29.903,2018-08-29T00:23:29.916
choice-moving,Surfer10@bmm,4848,324,6644,6644,649,NULL,1310482,1310407,1310407,1310407,CANCEL,BUY,1,91,2018-08-29T00:23:30.597,2018-08-29T00:23:30.608
choice-moving,Surfer10@bmm,4848,324,6644,6644,649,NULL,1310483,1310385,1310385,1310385,CANCEL,BUY,1,35,2018-08-29T00:23:31.524,2018-08-29T00:23:31.531
choice-moving,Surfer1@bmm,4839,324,6644,6644,646,NULL,1310484,1310374,1310374,1310374,CANCEL,BUY,3,99,2018-08-29T00:23:34.827,2018-08-29T00:23:34.834
choice-moving,Surfer4@bmm,4842,324,6644,6644,647,NULL,1310485,1310485,1310485,NULL,LIMIT,BUY,1,99,2018-08-29T00:23:46.965,2018-08-29T00:23:46.969
choice-moving,Surfer2@bmm,4840,324,6644,6644,647,NULL,1310486,1310486,1310486,1310523,LIMIT,BUY,1,99,2018-08-29T00:23:48.545,2018-08-29T00:28:06.502
choice-moving,Surfer8@bmm,4846,324,6644,6644,647,NULL,1310487,1310487,1310487,1310517,LIMIT,BUY,1,99,2018-08-29T00:23:52.579,2018-08-29T00:27:59.818
choice-moving,Surfer8@bmm,4846,324,6644,6644,647,NULL,1310488,1310488,1310488,1310515,LIMIT,BUY,1,99,2018-08-29T00:23:54.263,2018-08-29T00:27:54.966
choice-moving,Surfer10@bmm,4848,324,6644,6644,648,NULL,1310489,1310357,1310357,1310357,CANCEL,BUY,1,65,2018-08-29T00:23:55.712,2018-08-29T00:23:55.718
choice-moving,Surfer10@bmm,4848,324,6644,6644,648,NULL,1310490,1310358,1310358,1310358,CANCEL,BUY,1,37,2018-08-29T00:23:58.350,2018-08-29T00:23:58.356
choice-moving,Surfer8@bmm,4846,324,6644,6644,649,NULL,1310491,1310463,1310463,1310463,CANCEL,BUY,1,99,2018-08-29T00:24:03.725,2018-08-29T00:24:03.732
choice-moving,Surfer8@bmm,4846,324,6644,6644,649,NULL,1310492,1310462,1310462,1310462,CANCEL,BUY,1,99,2018-08-29T00:24:04.601,2018-08-29T00:24:04.608
choice-moving,Surfer8@bmm,4846,324,6644,6644,649,NULL,1310493,1310460,1310460,1310460,CANCEL,BUY,1,99,2018-08-29T00:24:05.304,2018-08-29T00:24:05.310
choice-moving,Surfer1@bmm,4839,324,6644,6644,649,NULL,1310494,1310494,1310494,NULL,LIMIT,BUY,1,99,2018-08-29T00:24:24.217,2018-08-29T00:24:24.221
choice-moving,Surfer6@bmm,4844,324,6644,6644,648,NULL,1310495,1310359,1310359,1310359,CANCEL,BUY,1,86,2018-08-29T00:24:28.381,2018-08-29T00:24:28.387
choice-moving,Surfer6@bmm,4844,324,6644,6644,649,NULL,1310496,1310496,1310496,NULL,LIMIT,BUY,1,99,2018-08-29T00:24:31.819,2018-08-29T00:24:31.822
choice-moving,Surfer1@bmm,4839,324,6644,6644,646,NULL,1310497,1310497,1310497,1310509,LIMIT,BUY,1,99,2018-08-29T00:24:41.043,2018-08-29T00:27:20.754
choice-moving,Surfer1@bmm,4839,324,6644,6644,647,NULL,1310498,1310498,1310498,NULL,LIMIT,BUY,1,99,2018-08-29T00:24:46.744,2018-08-29T00:24:46.747
choice-moving,Surfer13@bmm,4851,324,6644,6644,649,NULL,1310499,1310499,1310499,NULL,LIMIT,BUY,1,99,2018-08-29T00:24:48.528,2018-08-29T00:24:48.531
choice-moving,Surfer3@bmm,4841,324,6644,6644,647,NULL,1310500,1310466,1310466,1310466,CANCEL,BUY,1,99,2018-08-29T00:25:48.015,2018-08-29T00:25:48.021
choice-moving,Surfer1@bmm,4839,324,6644,6644,648,NULL,1310501,1310501,1310501,NULL,LIMIT,BUY,1,99,2018-08-29T00:27:01.031,2018-08-29T00:27:01.034
choice-moving,Surfer10@bmm,4848,324,6644,6644,649,NULL,1310502,1310502,1310502,1310522,LIMIT,SELL,1,100,2018-08-29T00:27:04.362,2018-08-29T00:28:02.768
choice-moving,Surfer11@bmm,4849,324,6644,6644,649,NULL,1310503,1310467,1310467,1310467,CANCEL,BUY,2,99,2018-08-29T00:27:05.479,2018-08-29T00:27:05.486
choice-moving,Surfer11@bmm,4849,324,6644,6644,649,NULL,1310504,1310504,1310504,1310531,LIMIT,BUY,2,99,2018-08-29T00:27:08.820,2018-08-29T00:28:41.777
choice-moving,Surfer11@bmm,4849,324,6644,6644,649,NULL,1310505,1310467,1310467,1310505,CANCEL,BUY,2,99,2018-08-29T00:27:10.155,2018-08-29T00:27:10.161
choice-moving,Surfer10@bmm,4848,324,6644,6644,649,NULL,1310506,1310506,1310506,1310525,LIMIT,SELL,1,100,2018-08-29T00:27:18.083,2018-08-29T00:28:17.842
choice-moving,Surfer10@bmm,4848,324,6644,6644,649,NULL,1310507,1310507,1310507,1310534,LIMIT,SELL,1,100,2018-08-29T00:27:18.913,2018-08-29T00:28:43.166
choice-moving,Surfer10@bmm,4848,324,6644,6644,649,NULL,1310508,1310508,1310508,NULL,LIMIT,SELL,1,100,2018-08-29T00:27:19.593,2018-08-29T00:27:19.597
choice-moving,Surfer1@bmm,4839,324,6644,6644,646,NULL,1310509,1310497,1310497,1310497,CANCEL,BUY,1,99,2018-08-29T00:27:20.747,2018-08-29T00:27:20.754
choice-moving,Surfer10@bmm,4848,324,6644,6644,649,NULL,1310510,1310510,1310510,1310530,LIMIT,SELL,1,100,2018-08-29T00:27:30.314,2018-08-29T00:28:29.906
choice-moving,Surfer10@bmm,4848,324,6644,6644,649,NULL,1310511,1310511,1310511,1310529,LIMIT,SELL,1,100,2018-08-29T00:27:31.113,2018-08-29T00:28:28.530
choice-moving,Surfer10@bmm,4848,324,6644,6644,649,NULL,1310512,1310512,1310512,1310528,LIMIT,SELL,1,100,2018-08-29T00:27:31.722,2018-08-29T00:28:27.580
choice-moving,Surfer10@bmm,4848,324,6644,6644,649,NULL,1310513,1310513,1310513,1310527,LIMIT,SELL,1,100,2018-08-29T00:27:32.355,2018-08-29T00:28:26.536
choice-moving,Surfer10@bmm,4848,324,6644,6644,649,NULL,1310514,1310514,1310514,1310526,LIMIT,SELL,1,100,2018-08-29T00:27:33.113,2018-08-29T00:28:23.963
choice-moving,Surfer8@bmm,4846,324,6644,6644,647,NULL,1310515,1310488,1310488,1310488,CANCEL,BUY,1,99,2018-08-29T00:27:54.959,2018-08-29T00:27:54.966
choice-moving,Surfer4@bmm,4842,324,6644,6644,646,NULL,1310516,1310457,1310457,1310457,CANCEL,BUY,1,98,2018-08-29T00:27:55.749,2018-08-29T00:27:55.756
choice-moving,Surfer8@bmm,4846,324,6644,6644,647,NULL,1310517,1310487,1310487,1310487,CANCEL,BUY,1,99,2018-08-29T00:27:59.812,2018-08-29T00:27:59.818
choice-moving,Surfer10@bmm,4848,324,6644,6644,648,NULL,1310518,1310355,1310355,1310355,CANCEL,BUY,1,82,2018-08-29T00:27:59.867,2018-08-29T00:27:59.874
choice-moving,Surfer5@bmm,4843,324,6644,6644,649,NULL,1310519,1310475,1310475,1310475,CANCEL,BUY,1,99,2018-08-29T00:28:00.097,2018-08-29T00:28:00.103
choice-moving,Surfer10@bmm,4848,324,6644,6644,648,NULL,1310520,1310354,1310354,1310354,CANCEL,BUY,1,82,2018-08-29T00:28:00.202,2018-08-29T00:28:00.209
choice-moving,Surfer4@bmm,4842,324,6644,6644,647,NULL,1310521,1310469,1310469,1310469,CANCEL,BUY,1,98,2018-08-29T00:28:00.320,2018-08-29T00:28:00.326
choice-moving,Surfer5@bmm,4843,324,6644,6644,649,NULL,1310522,1310522,1310522,1310502,LIMIT,BUY,1,100,2018-08-29T00:28:02.757,2018-08-29T00:28:02.768
choice-moving,Surfer2@bmm,4840,324,6644,6644,647,NULL,1310523,1310486,1310486,1310486,CANCEL,BUY,1,99,2018-08-29T00:28:06.494,2018-08-29T00:28:06.501
choice-moving,Surfer5@bmm,4843,324,6644,6644,649,NULL,1310524,1310468,1310468,1310468,CANCEL,BUY,1,99,2018-08-29T00:28:17.015,2018-08-29T00:28:17.021
choice-moving,Surfer5@bmm,4843,324,6644,6644,649,NULL,1310525,1310525,1310525,1310506,LIMIT,BUY,1,100,2018-08-29T00:28:17.835,2018-08-29T00:28:17.842
choice-moving,Surfer10@bmm,4848,324,6644,6644,649,NULL,1310526,1310514,1310514,1310514,CANCEL,SELL,1,100,2018-08-29T00:28:23.956,2018-08-29T00:28:23.963
choice-moving,Surfer10@bmm,4848,324,6644,6644,649,NULL,1310527,1310513,1310513,1310513,CANCEL,SELL,1,100,2018-08-29T00:28:26.530,2018-08-29T00:28:26.536
choice-moving,Surfer10@bmm,4848,324,6644,6644,649,NULL,1310528,1310512,1310512,1310512,CANCEL,SELL,1,100,2018-08-29T00:28:27.573,2018-08-29T00:28:27.579
choice-moving,Surfer10@bmm,4848,324,6644,6644,649,NULL,1310529,1310511,1310511,1310511,CANCEL,SELL,1,100,2018-08-29T00:28:28.523,2018-08-29T00:28:28.529
choice-moving,Surfer10@bmm,4848,324,6644,6644,649,NULL,1310530,1310510,1310510,1310510,CANCEL,SELL,1,100,2018-08-29T00:28:29.900,2018-08-29T00:28:29.906
choice-moving,Surfer11@bmm,4849,324,6644,6644,649,NULL,1310531,1310504,1310504,1310504,CANCEL,BUY,2,99,2018-08-29T00:28:41.770,2018-08-29T00:28:41.777
choice-moving,Surfer5@bmm,4843,324,6644,6644,647,NULL,1310532,1310422,1310422,1310422,CANCEL,BUY,1,99,2018-08-29T00:28:41.911,2018-08-29T00:28:41.919
choice-moving,Surfer11@bmm,4849,324,6644,6644,646,NULL,1310533,1310369,1310369,1310369,CANCEL,BUY,1,99,2018-08-29T00:28:42.982,2018-08-29T00:28:42.993
choice-moving,Surfer5@bmm,4843,324,6644,6644,649,NULL,1310534,1310534,1310534,1310507,LIMIT,BUY,1,100,2018-08-29T00:28:43.157,2018-08-29T00:28:43.165
choice-moving,Surfer11@bmm,4849,324,6644,6644,648,NULL,1310535,1310364,1310364,1310364,CANCEL,BUY,1,99,2018-08-29T00:28:44.724,2018-08-29T00:28:44.731