account,email,owner,marketplace,session,period,market,target,order,original,supplier,consumer,type,side,units,price,createdDate,lastModifiedDate
choice-moving,Surfer5@bmm,4843,323,6643,6643,642,NULL,1310201,1310201,1310201,NULL,LIMIT,BUY,1,92,2018-08-29T00:11:24.060,2018-08-29T00:11:24.064
choice-moving,Surfer13@bmm,4851,323,6643,6643,642,NULL,1310202,1310202,1310202,NULL,LIMIT,BUY,1,56,2018-08-29T00:11:24.294,2018-08-29T00:11:24.298
choice-moving,Surfer3@bmm,4841,323,6643,6643,642,NULL,1310203,1310203,1310203,1310288,LIMIT,BUY,1,100,2018-08-29T00:11:27.034,2018-08-29T00:14:46.255
choice-moving,Surfer13@bmm,4851,323,6643,6643,642,NULL,1310204,1310204,1310204,NULL,LIMIT,BUY,1,53,2018-08-29T00:11:30.135,2018-08-29T00:11:30.138
choice-moving,Surfer6@bmm,4844,323,6643,6643,642,NULL,1310205,1310205,1310205,NULL,LIMIT,BUY,1,4,2018-08-29T00:11:33.977,2018-08-29T00:11:33.981
choice-moving,Surfer11@bmm,4849,323,6643,6643,645,NULL,1310206,1310206,1310206,1310301,LIMIT,SELL,1,52,2018-08-29T00:11:35.811,2018-08-29T00:15:24.566
choice-moving,Surfer12@bmm,4850,323,6643,6643,644,NULL,1310207,1310207,1310207,NULL,LIMIT,SELL,1,100,2018-08-29T00:11:38.653,2018-08-29T00:11:38.656
choice-moving,Surfer13@bmm,4851,323,6643,6643,645,NULL,1310208,1310208,1310208,1310277,LIMIT,SELL,1,47,2018-08-29T00:11:38.950,2018-08-29T00:14:06.219
choice-moving,Surfer13@bmm,4851,323,6643,6643,645,NULL,1310209,1310209,1310209,NULL,LIMIT,SELL,1,38,2018-08-29T00:11:41.469,2018-08-29T00:11:41.472
choice-moving,Surfer6@bmm,4844,323,6643,6643,643,NULL,1310210,1310210,1310210,NULL,LIMIT,BUY,1,58,2018-08-29T00:11:41.727,2018-08-29T00:11:41.730
choice-moving,Surfer12@bmm,4850,323,6643,6643,644,NULL,1310211,1310211,1310211,NULL,LIMIT,SELL,1,100,2018-08-29T00:11:42.279,2018-08-29T00:11:42.283
choice-moving,Surfer11@bmm,4849,323,6643,6643,645,NULL,1310212,1310212,1310212,1310255,LIMIT,SELL,1,13,2018-08-29T00:11:44.084,2018-08-29T00:13:06.214
choice-moving,Surfer2@bmm,4840,323,6643,6643,643,NULL,1310213,1310213,1310213,NULL,LIMIT,BUY,1,66,2018-08-29T00:11:45.149,2018-08-29T00:11:45.153
choice-moving,Surfer9@bmm,4847,323,6643,6643,642,NULL,1310214,1310214,1310214,1310276,LIMIT,BUY,1,97,2018-08-29T00:11:45.492,2018-08-29T00:14:01.510
choice-moving,Surfer7@bmm,4845,323,6643,6643,643,NULL,1310215,1310215,1310215,NULL,LIMIT,BUY,1,73,2018-08-29T00:11:46.039,2018-08-29T00:11:46.044
choice-moving,Surfer7@bmm,4845,323,6643,6643,643,NULL,1310216,1310216,1310216,NULL,LIMIT,BUY,1,73,2018-08-29T00:11:46.291,2018-08-29T00:11:46.295
choice-moving,Surfer9@bmm,4847,323,6643,6643,642,NULL,1310217,1310217,1310217,1310273,LIMIT,BUY,1,97,2018-08-29T00:11:46.631,2018-08-29T00:14:00.078
choice-moving,Surfer13@bmm,4851,323,6643,6643,645,NULL,1310218,1310218,1310218,NULL,LIMIT,SELL,1,22,2018-08-29T00:11:47.414,2018-08-29T00:11:47.417
choice-moving,Surfer11@bmm,4849,323,6643,6643,643,NULL,1310219,1310219,1310219,NULL,LIMIT,BUY,1,78,2018-08-29T00:11:50.869,2018-08-29T00:11:50.872
choice-moving,Surfer7@bmm,4845,323,6643,6643,645,NULL,1310220,1310220,1310220,NULL,LIMIT,SELL,1,46,2018-08-29T00:12:02.147,2018-08-29T00:12:02.150
choice-moving,Surfer10@bmm,4848,323,6643,6643,643,NULL,1310221,1310221,1310221,1310305,LIMIT,BUY,1,96,2018-08-29T00:12:05.134,2018-08-29T00:15:28.826
choice-moving,Surfer10@bmm,4848,323,6643,6643,643,NULL,1310222,1310222,1310222,1310304,LIMIT,BUY,1,96,2018-08-29T00:12:05.377,2018-08-29T00:15:27.876
choice-moving,Surfer7@bmm,4845,323,6643,6643,645,NULL,1310223,1310223,1310223,NULL,LIMIT,SELL,1,74,2018-08-29T00:12:05.571,2018-08-29T00:12:05.575
choice-moving,Surfer10@bmm,4848,323,6643,6643,643,NULL,1310224,1310224,1310224,1310306,LIMIT,BUY,1,97,2018-08-29T00:12:09.027,2018-08-29T00:15:29.534
choice-moving,Surfer10@bmm,4848,323,6643,6643,643,NULL,1310225,1310225,1310225,1310307,LIMIT,BUY,1,98,2018-08-29T00:12:10.639,2018-08-29T00:15:30.227
choice-moving,Surfer8@bmm,4846,323,6643,6643,644,NULL,1310226,1310226,1310226,1310234,LIMIT,SELL,1,66,2018-08-29T00:12:10.824,2018-08-29T00:12:26.169
choice-moving,Surfer7@bmm,4845,323,6643,6643,645,NULL,1310227,1310227,1310227,NULL,LIMIT,SELL,1,71,2018-08-29T00:12:11.314,2018-08-29T00:12:11.317
choice-moving,Surfer10@bmm,4848,323,6643,6643,643,NULL,1310228,1310228,1310228,NULL,LIMIT,BUY,1,99,2018-08-29T00:12:12.267,2018-08-29T00:12:12.271
choice-moving,Surfer7@bmm,4845,323,6643,6643,645,NULL,1310229,1310229,1310229,NULL,LIMIT,SELL,1,71,2018-08-29T00:12:12.729,2018-08-29T00:12:12.733
choice-moving,Surfer8@bmm,4846,323,6643,6643,644,NULL,1310230,1310230,1310230,1310235,LIMIT,SELL,1,66,2018-08-29T00:12:13.102,2018-08-29T00:12:28.332
choice-moving,Surfer5@bmm,4843,323,6643,6643,645,NULL,1310231,1310231,1310231,NULL,LIMIT,SELL,1,11,2018-08-29T00:12:16.127,2018-08-29T00:12:16.131
choice-moving,Surfer5@bmm,4843,323,6643,6643,645,NULL,1310232,1310232,1310232,NULL,LIMIT,SELL,2,9,2018-08-29T00:12:21.131,2018-08-29T00:12:21.135
choice-moving,Surfer12@bmm,4850,323,6643,6643,643,NULL,1310233,1310233,1310233,NULL,LIMIT,BUY,1,98,2018-08-29T00:12:24.099,2018-08-29T00:12:24.102
choice-moving,Surfer10@bmm,4848,323,6643,6643,644,NULL,1310234,1310234,1310234,1310226,LIMIT,BUY,1,66,2018-08-29T00:12:26.158,2018-08-29T00:12:26.169
choice-moving,Surfer8@bmm,4846,323,6643,6643,644,NULL,1310235,1310230,1310230,1310230,CANCEL,SELL,1,66,2018-08-29T00:12:28.325,2018-08-29T00:12:28.331
choice-moving,Surfer5@bmm,4843,323,6643,6643,645,NULL,1310236,1310236,1310236,1310241,LIMIT,SELL,1,3,2018-08-29T00:12:28.643,2018-08-29T00:12:37.452
choice-moving,Surfer4@bmm,4842,323,6643,6643,642,NULL,1310237,1310237,1310237,1310294,LIMIT,BUY,1,99,2018-08-29T00:12:32.659,2018-08-29T00:15:00.579
choice-moving,Surfer2@bmm,4840,323,6643,6643,644,NULL,1310238,1310238,1310238,1310250,LIMIT,SELL,1,80,2018-08-29T00:12:32.920,2018-08-29T00:12:49.188
choice-moving,Surfer4@bmm,4842,323,6643,6643,643,NULL,1310239,1310239,1310239,NULL,LIMIT,BUY,1,99,2018-08-29T00:12:36.666,2018-08-29T00:12:36.669
choice-moving,Surfer6@bmm,4844,323,6643,6643,645,NULL,1310240,1310240,1310240,0,LIMIT,BUY,1,84,2018-08-29T00:12:37.439,2018-08-29T00:12:37.451
choice-moving,Surfer6@bmm,4844,323,6643,6643,645,NULL,1310241,1310240,1310240,1310236,LIMIT,BUY,1,3,2018-08-29T00:12:37.447,2018-08-29T00:12:37.452
choice-moving,Surfer5@bmm,4843,323,6643,6643,643,NULL,1310242,1310242,1310242,NULL,LIMIT,BUY,1,99,2018-08-29T00:12:37.522,2018-08-29T00:12:37.526
choice-moving,Surfer12@bmm,4850,323,6643,6643,642,NULL,1310243,1310243,1310243,NULL,LIMIT,BUY,1,99,2018-08-29T00:12:37.847,2018-08-29T00:12:37.850
choice-moving,Surfer1@bmm,4839,323,6643,6643,645,NULL,1310244,1310244,1310244,0,LIMIT,SELL,2,2,2018-08-29T00:12:41.706,2018-08-29T00:12:47.078
choice-moving,Surfer3@bmm,4841,323,6643,6643,644,NULL,1310245,1310245,1310245,1310251,LIMIT,BUY,1,79,2018-08-29T00:12:43.843,2018-08-29T00:12:50.645
choice-moving,Surfer6@bmm,4844,323,6643,6643,645,NULL,1310246,1310246,1310246,0,LIMIT,BUY,1,80,2018-08-29T00:12:47.059,2018-08-29T00:12:47.078
choice-moving,Surfer6@bmm,4844,323,6643,6643,645,NULL,1310247,1310246,1310246,1310248,LIMIT,BUY,1,2,2018-08-29T00:12:47.067,2018-08-29T00:12:47.078
choice-moving,Surfer1@bmm,4839,323,6643,6643,645,NULL,1310248,1310244,1310244,1310247,LIMIT,SELL,1,2,2018-08-29T00:12:47.070,2018-08-29T00:12:47.078
choice-moving,Surfer1@bmm,4839,323,6643,6643,645,NULL,1310249,1310244,1310244,NULL,LIMIT,SELL,1,2,2018-08-29T00:12:41.706,2018-08-29T00:12:47.079
choice-moving,Surfer3@bmm,4841,323,6643,6643,644,NULL,1310250,1310250,1310250,1310238,LIMIT,BUY,1,80,2018-08-29T00:12:49.179,2018-08-29T00:12:49.188
choice-moving,Surfer3@bmm,4841,323,6643,6643,644,NULL,1310251,1310245,1310245,1310245,CANCEL,BUY,1,79,2018-08-29T00:12:50.639,2018-08-29T00:12:50.645
choice-moving,Surfer4@bmm,4842,323,6643,6643,644,NULL,1310252,1310252,1310252,NULL,LIMIT,SELL,1,80,2018-08-29T00:12:53.161,2018-08-29T00:12:53.164
choice-moving,Surfer13@bmm,4851,323,6643,6643,643,NULL,1310253,1310253,1310253,NULL,LIMIT,BUY,1,50,2018-08-29T00:13:03.363,2018-08-29T00:13:03.366
choice-moving,Surfer11@bmm,4849,323,6643,6643,645,NULL,1310254,1310254,1310254,1310300,LIMIT,SELL,1,2,2018-08-29T00:13:05.158,2018-08-29T00:15:23.951
choice-moving,Surfer11@bmm,4849,323,6643,6643,645,NULL,1310255,1310212,1310212,1310212,CANCEL,SELL,1,13,2018-08-29T00:13:06.207,2018-08-29T00:13:06.214
choice-moving,Surfer5@bmm,4843,323,6643,6643,642,NULL,1310256,1310256,1310256,NULL,LIMIT,BUY,1,99,2018-08-29T00:13:06.720,2018-08-29T00:13:06.724
choice-moving,Surfer5@bmm,4843,323,6643,6643,642,NULL,1310257,1310257,1310257,NULL,LIMIT,BUY,1,99,2018-08-29T00:13:08.697,2018-08-29T00:13:08.700
choice-moving,Surfer1@bmm,4839,323,6643,6643,642,NULL,1310258,1310258,1310258,NULL,LIMIT,BUY,2,99,2018-08-29T00:13:08.749,2018-08-29T00:13:08.752
choice-moving,Surfer5@bmm,4843,323,6643,6643,643,NULL,1310259,1310259,1310259,NULL,LIMIT,BUY,1,99,2018-08-29T00:13:17.981,2018-08-29T00:13:17.984
choice-moving,Surfer1@bmm,4839,323,6643,6643,643,NULL,1310260,1310260,1310260,NULL,LIMIT,BUY,2,99,2018-08-29T00:13:21.811,2018-08-29T00:13:21.814
choice-moving,Surfer10@bmm,4848,323,6643,6643,644,NULL,1310261,1310261,1310261,1310309,LIMIT,SELL,1,73,2018-08-29T00:13:24.343,2018-08-29T00:15:38.143
choice-moving,Surfer2@bmm,4840,323,6643,6643,644,NULL,1310262,1310262,1310262,1310268,LIMIT,SELL,1,70,2018-08-29T00:13:26.886,2018-08-29T00:13:41.969
choice-moving,Surfer10@bmm,4848,323,6643,6643,644,NULL,1310263,1310263,1310263,1310310,LIMIT,SELL,1,67,2018-08-29T00:13:32.635,2018-08-29T00:15:39.114
choice-moving,Surfer6@bmm,4844,323,6643,6643,643,NULL,1310264,1310264,1310264,NULL,LIMIT,BUY,1,99,2018-08-29T00:13:35.103,2018-08-29T00:13:35.107
choice-moving,Surfer8@bmm,4846,323,6643,6643,644,NULL,1310265,1310265,1310265,1310337,LIMIT,SELL,1,66,2018-08-29T00:13:37.266,2018-08-29T00:16:55.962
choice-moving,Surfer8@bmm,4846,323,6643,6643,644,NULL,1310266,1310266,1310266,1310336,LIMIT,SELL,1,66,2018-08-29T00:13:40.059,2018-08-29T00:16:54.958
choice-moving,Surfer8@bmm,4846,323,6643,6643,644,NULL,1310267,1310267,1310267,1310335,LIMIT,SELL,1,66,2018-08-29T00:13:40.964,2018-08-29T00:16:53.693
choice-moving,Surfer2@bmm,4840,323,6643,6643,644,NULL,1310268,1310262,1310262,1310262,CANCEL,SELL,1,70,2018-08-29T00:13:41.962,2018-08-29T00:13:41.969
choice-moving,Surfer2@bmm,4840,323,6643,6643,644,NULL,1310269,1310269,1310269,NULL,LIMIT,SELL,1,50,2018-08-29T00:13:45.880,2018-08-29T00:13:45.883
choice-moving,Surfer11@bmm,4849,323,6643,6643,643,NULL,1310270,1310270,1310270,1310339,LIMIT,BUY,1,0,2018-08-29T00:13:50.021,2018-08-29T00:17:22.635
choice-moving,Surfer9@bmm,4847,323,6643,6643,643,NULL,1310271,1310271,1310271,NULL,LIMIT,BUY,1,99,2018-08-29T00:13:54.371,2018-08-29T00:13:54.374
choice-moving,Surfer9@bmm,4847,323,6643,6643,643,NULL,1310272,1310272,1310272,NULL,LIMIT,BUY,1,99,2018-08-29T00:13:54.615,2018-08-29T00:13:54.618
choice-moving,Surfer9@bmm,4847,323,6643,6643,642,NULL,1310273,1310217,1310217,1310217,CANCEL,BUY,1,97,2018-08-29T00:14:00.072,2018-08-29T00:14:00.078
choice-moving,Surfer13@bmm,4851,323,6643,6643,645,NULL,1310274,1310274,1310274,NULL,LIMIT,SELL,1,1,2018-08-29T00:14:00.138,2018-08-29T00:14:00.141
choice-moving,Surfer9@bmm,4847,323,6643,6643,642,NULL,1310275,1310217,1310217,1310275,CANCEL,BUY,1,97,2018-08-29T00:14:00.223,2018-08-29T00:14:00.230
choice-moving,Surfer9@bmm,4847,323,6643,6643,642,NULL,1310276,1310214,1310214,1310214,CANCEL,BUY,1,97,2018-08-29T00:14:01.503,2018-08-29T00:14:01.510
choice-moving,Surfer13@bmm,4851,323,6643,6643,645,NULL,1310277,1310208,1310208,1310208,CANCEL,SELL,1,47,2018-08-29T00:14:06.211,2018-08-29T00:14:06.218
choice-moving,Surfer1@bmm,4839,323,6643,6643,645,NULL,1310278,1310278,1310278,NULL,LIMIT,SELL,1,1,2018-08-29T00:14:08.145,2018-08-29T00:14:08.148
choice-moving,Surfer10@bmm,4848,323,6643,6643,644,NULL,1310279,1310279,1310279,1310320,LIMIT,SELL,1,33,2018-08-29T00:14:09.108,2018-08-29T00:16:07.098
choice-moving,Surfer10@bmm,4848,323,6643,6643,644,NULL,1310280,1310280,1310280,1310316,LIMIT,SELL,1,33,2018-08-29T00:14:09.837,2018-08-29T00:15:59.936
choice-moving,Surfer10@bmm,4848,323,6643,6643,644,NULL,1310281,1310281,1310281,1310315,LIMIT,SELL,1,33,2018-08-29T00:14:10.291,2018-08-29T00:15:59.015
choice-moving,Surfer9@bmm,4847,323,6643,6643,642,NULL,1310282,1310282,1310282,NULL,LIMIT,BUY,1,98,2018-08-29T00:14:10.520,2018-08-29T00:14:10.523
choice-moving,Surfer9@bmm,4847,323,6643,6643,642,NULL,1310283,1310283,1310283,NULL,LIMIT,BUY,1,98,2018-08-29T00:14:12.840,2018-08-29T00:14:12.844
choice-moving,Surfer8@bmm,4846,323,6643,6643,642,NULL,1310284,1310284,1310284,1310286,LIMIT,BUY,1,100,2018-08-29T00:14:23.150,2018-08-29T00:14:34.153
choice-moving,Surfer2@bmm,4840,323,6643,6643,644,NULL,1310285,1310285,1310285,NULL,LIMIT,SELL,2,50,2018-08-29T00:14:33.506,2018-08-29T00:14:33.509
choice-moving,Surfer8@bmm,4846,323,6643,6643,642,NULL,1310286,1310284,1310284,1310284,CANCEL,BUY,1,100,2018-08-29T00:14:34.146,2018-08-29T00:14:34.153
choice-moving,Surfer5@bmm,4843,323,6643,6643,642,NULL,1310287,1310287,1310287,NULL,LIMIT,BUY,1,99,2018-08-29T00:14:45.746,2018-08-29T00:14:45.750
choice-moving,Surfer8@bmm,4846,323,6643,6643,642,NULL,1310288,1310288,1310288,1310203,LIMIT,SELL,1,100,2018-08-29T00:14:46.245,2018-08-29T00:14:46.254
choice-moving,Surfer6@bmm,4844,323,6643,6643,644,NULL,1310289,1310289,1310289,NULL,LIMIT,SELL,1,99,2018-08-29T00:14:48.802,2018-08-29T00:14:48.805
choice-moving,Surfer8@bmm,4846,323,6643,6643,642,NULL,1310290,1310290,1310290,NULL,LIMIT,BUY,1,99,2018-08-29T00:14:50.372,2018-08-29T00:14:50.376
choice-moving,Surfer8@bmm,4846,323,6643,6643,642,NULL,1310291,1310291,1310291,NULL,LIMIT,BUY,1,99,2018-08-29T00:14:51.588,2018-08-29T00:14:51.591
choice-moving,Surfer6@bmm,4844,323,6643,6643,642,NULL,1310292,1310292,1310292,NULL,LIMIT,BUY,1,99,2018-08-29T00:14:58.242,2018-08-29T00:14:58.245
choice-moving,Surfer4@bmm,4842,323,6643,6643,642,NULL,1310293,1310293,1310293,0,LIMIT,SELL,1,75,2018-08-29T00:15:00.558,2018-08-29T00:15:00.573
choice-moving,Surfer4@bmm,4842,323,6643,6643,642,NULL,1310294,1310293,1310293,1310237,LIMIT,SELL,1,99,2018-08-29T00:15:00.569,2018-08-29T00:15:00.573
choice-moving,Surfer9@bmm,4847,323,6643,6643,645,NULL,1310295,1310295,1310295,NULL,LIMIT,SELL,1,1,2018-08-29T00:15:02.161,2018-08-29T00:15:02.164
choice-moving,Surfer9@bmm,4847,323,6643,6643,645,NULL,1310296,1310296,1310296,NULL,LIMIT,SELL,1,1,2018-08-29T00:15:02.822,2018-08-29T00:15:02.825
choice-moving,Surfer9@bmm,4847,323,6643,6643,645,NULL,1310297,1310297,1310297,NULL,LIMIT,SELL,1,1,2018-08-29T00:15:03.529,2018-08-29T00:15:03.532
choice-moving,Surfer9@bmm,4847,323,6643,6643,645,NULL,1310298,1310298,1310298,NULL,LIMIT,SELL,1,1,2018-08-29T00:15:04.252,2018-08-29T00:15:04.256
choice-moving,Surfer5@bmm,4843,323,6643,6643,643,NULL,1310299,1310299,1310299,NULL,LIMIT,BUY,1,99,2018-08-29T00:15:05.835,2018-08-29T00:15:05.839
choice-moving,Surfer11@bmm,4849,323,6643,6643,645,NULL,1310300,1310254,1310254,1310254,CANCEL,SELL,1,2,2018-08-29T00:15:23.945,2018-08-29T00:15:23.951
choice-moving,Surfer11@bmm,4849,323,6643,6643,645,NULL,1310301,1310206,1310206,1310206,CANCEL,SELL,1,52,2018-08-29T00:15:24.560,2018-08-29T00:15:24.566
choice-moving,Surfer6@bmm,4844,323,6643,6643,645,NULL,1310302,1310302,1310302,NULL,LIMIT,SELL,1,99,2018-08-29T00:15:24.616,2018-08-29T00:15:24.620
choice-moving,Surfer11@bmm,4849,323,6643,6643,645,NULL,1310303,1310303,1310303,NULL,LIMIT,SELL,1,1,2018-08-29T00:15:27.134,2018-08-29T00:15:27.137
choice-moving,Surfer10@bmm,4848,323,6643,6643,643,NULL,1310304,1310222,1310222,1310222,CANCEL,BUY,1,96,2018-08-29T00:15:27.868,2018-08-29T00:15:27.876
choice-moving,Surfer10@bmm,4848,323,6643,6643,643,NULL,1310305,1310221,1310221,1310221,CANCEL,BUY,1,96,2018-08-29T00:15:28.820,2018-08-29T00:15:28.826
choice-moving,Surfer10@bmm,4848,323,6643,6643,643,NULL,1310306,1310224,1310224,1310224,CANCEL,BUY,1,97,2018-08-29T00:15:29.527,2018-08-29T00:15:29.533
choice-moving,Surfer10@bmm,4848,323,6643,6643,643,NULL,1310307,1310225,1310225,1310225,CANCEL,BUY,1,98,2018-08-29T00:15:30.220,2018-08-29T00:15:30.227
choice-moving,Surfer4@bmm,4842,323,6643,6643,644,NULL,1310308,1310308,1310308,NULL,LIMIT,SELL,1,75,2018-08-29T00:15:31.212,2018-08-29T00:15:31.216
choice-moving,Surfer10@bmm,4848,323,6643,6643,644,NULL,1310309,1310261,1310261,1310261,CANCEL,SELL,1,73,2018-08-29T00:15:38.136,2018-08-29T00:15:38.143
choice-moving,Surfer10@bmm,4848,323,6643,6643,644,NULL,1310310,1310263,1310263,1310263,CANCEL,SELL,1,67,2018-08-29T00:15:39.107,2018-08-29T00:15:39.114
choice-moving,Surfer4@bmm,4842,323,6643,6643,643,NULL,1310311,1310311,1310311,NULL,LIMIT,BUY,1,99,2018-08-29T00:15:40.949,2018-08-29T00:15:40.952
choice-moving,Surfer10@bmm,4848,323,6643,6643,644,NULL,1310312,1310312,1310312,1310327,LIMIT,SELL,1,11,2018-08-29T00:15:47.410,2018-08-29T00:16:39.096
choice-moving,Surfer10@bmm,4848,323,6643,6643,644,NULL,1310313,1310313,1310313,1310326,LIMIT,SELL,1,11,2018-08-29T00:15:47.655,2018-08-29T00:16:38.330
choice-moving,Surfer12@bmm,4850,323,6643,6643,644,NULL,1310314,1310314,1310314,NULL,LIMIT,SELL,1,10,2018-08-29T00:15:55.182,2018-08-29T00:15:55.186
choice-moving,Surfer10@bmm,4848,323,6643,6643,644,NULL,1310315,1310281,1310281,1310281,CANCEL,SELL,1,33,2018-08-29T00:15:59.008,2018-08-29T00:15:59.014
choice-moving,Surfer10@bmm,4848,323,6643,6643,644,NULL,1310316,1310280,1310280,1310280,CANCEL,SELL,1,33,2018-08-29T00:15:59.930,2018-08-29T00:15:59.936
choice-moving,Surfer12@bmm,4850,323,6643,6643,644,NULL,1310317,1310317,1310317,NULL,LIMIT,SELL,1,9,2018-08-29T00:16:00.368,2018-08-29T00:16:00.371
choice-moving,Surfer10@bmm,4848,323,6643,6643,644,NULL,1310318,1310318,1310318,1310331,LIMIT,SELL,1,5,2018-08-29T00:16:04.571,2018-08-29T00:16:45.624
choice-moving,Surfer10@bmm,4848,323,6643,6643,644,NULL,1310319,1310319,1310319,1310330,LIMIT,SELL,1,5,2018-08-29T00:16:04.816,2018-08-29T00:16:44.988
choice-moving,Surfer10@bmm,4848,323,6643,6643,644,NULL,1310320,1310279,1310279,1310279,CANCEL,SELL,1,33,2018-08-29T00:16:07.091,2018-08-29T00:16:07.098
choice-moving,Surfer3@bmm,4841,323,6643,6643,642,NULL,1310321,1310321,1310321,1310332,LIMIT,BUY,1,100,2018-08-29T00:16:07.941,2018-08-29T00:16:47.234
choice-moving,Surfer10@bmm,4848,323,6643,6643,644,NULL,1310322,1310322,1310322,1310325,LIMIT,SELL,1,1,2018-08-29T00:16:11.171,2018-08-29T00:16:32.185
choice-moving,Surfer5@bmm,4843,323,6643,6643,643,NULL,1310323,1310323,1310323,NULL,LIMIT,BUY,1,99,2018-08-29T00:16:19.319,2018-08-29T00:16:19.322
choice-moving,Surfer1@bmm,4839,323,6643,6643,644,NULL,1310324,1310324,1310324,0,LIMIT,BUY,1,10,2018-08-29T00:16:32.172,2018-08-29T00:16:32.185
choice-moving,Surfer1@bmm,4839,323,6643,6643,644,NULL,1310325,1310324,1310324,1310322,LIMIT,BUY,1,1,2018-08-29T00:16:32.180,2018-08-29T00:16:32.185
choice-moving,Surfer10@bmm,4848,323,6643,6643,644,NULL,1310326,1310313,1310313,1310313,CANCEL,SELL,1,11,2018-08-29T00:16:38.323,2018-08-29T00:16:38.330
choice-moving,Surfer10@bmm,4848,323,6643,6643,644,NULL,1310327,1310312,1310312,1310312,CANCEL,SELL,1,11,2018-08-29T00:16:39.090,2018-08-29T00:16:39.096
choice-moving,Surfer10@bmm,4848,323,6643,6643,644,NULL,1310328,1310328,1310328,NULL,LIMIT,SELL,1,1,2018-08-29T00:16:40.954,2018-08-29T00:16:40.958
choice-moving,Surfer10@bmm,4848,323,6643,6643,644,NULL,1310329,1310329,1310329,NULL,LIMIT,SELL,1,1,2018-08-29T00:16:41.200,2018-08-29T00:16:41.203
choice-moving,Surfer10@bmm,4848,323,6643,6643,644,NULL,1310330,1310319,1310319,1310319,CANCEL,SELL,1,5,2018-08-29T00:16:44.982,2018-08-29T00:16:44.988
choice-moving,Surfer10@bmm,4848,323,6643,6643,644,NULL,1310331,1310318,1310318,1310318,CANCEL,SELL,1,5,2018-08-29T00:16:45.617,2018-08-29T00:16:45.624
choice-moving,Surfer3@bmm,4841,323,6643,6643,642,NULL,1310332,1310321,1310321,1310321,CANCEL,BUY,1,100,2018-08-29T00:16:47.227,2018-08-29T00:16:47.234
choice-moving,Surfer10@bmm,4848,323,6643,6643,644,NULL,1310333,1310333,1310333,NULL,LIMIT,SELL,1,4,2018-08-29T00:16:48.556,2018-08-29T00:16:48.559
choice-moving,Surfer10@bmm,4848,323,6643,6643,644,NULL,1310334,1310334,1310334,NULL,LIMIT,SELL,1,3,2018-08-29T00:16:51.620,2018-08-29T00:16:51.623
choice-moving,Surfer8@bmm,4846,323,6643,6643,644,NULL,1310335,1310267,1310267,1310267,CANCEL,SELL,1,66,2018-08-29T00:16:53.686,2018-08-29T00:16:53.692
choice-moving,Surfer8@bmm,4846,323,6643,6643,644,NULL,1310336,1310266,1310266,1310266,CANCEL,SELL,1,66,2018-08-29T00:16:54.951,2018-08-29T00:16:54.957
choice-moving,Surfer8@bmm,4846,323,6643,6643,644,NULL,1310337,1310265,1310265,1310265,CANCEL,SELL,1,66,2018-08-29T00:16:55.956,2018-08-29T00:16:55.962
choice-moving,Surfer4@bmm,4842,323,6643,6643,642,NULL,1310338,1310338,1310338,NULL,LIMIT,BUY,1,99,2018-08-29T00:17:08.307,2018-08-29T00:17:08.312
choice-moving,Surfer11@bmm,4849,323,6643,6643,643,NULL,1310339,1310270,1310270,1310270,CANCEL,BUY,1,0,2018-08-29T00:17:22.626,2018-08-29T00:17:22.635
choice-moving,Surfer4@bmm,4842,323,6643,6643,642,NULL,1310340,1310340,1310340,NULL,LIMIT,BUY,1,99,2018-08-29T00:17:42.407,2018-08-29T00:17:42.410
choice-moving,Surfer4@bmm,4842,323,6643,6643,643,NULL,1310341,1310341,1310341,NULL,LIMIT,BUY,1,98,2018-08-29T00:17:49.397,2018-08-29T00:17:49.439
choice-moving,Surfer4@bmm,4842,323,6643,6643,642,NULL,1310342,1310342,1310342,NULL,LIMIT,BUY,1,98,2018-08-29T00:17:56.414,2018-08-29T00:17:56.418
choice-moving,Surfer8@bmm,4846,323,6643,6643,644,NULL,1310343,1310343,1310343,NULL,LIMIT,SELL,1,1,2018-08-29T00:18:11.960,2018-08-29T00:18:11.963
choice-moving,Surfer8@bmm,4846,323,6643,6643,644,NULL,1310344,1310344,1310344,NULL,LIMIT,SELL,1,1,2018-08-29T00:18:12.693,2018-08-29T00:18:12.696
choice-moving,Surfer8@bmm,4846,323,6643,6643,644,NULL,1310345,1310345,1310345,NULL,LIMIT,SELL,1,1,2018-08-29T00:18:13.444,2018-08-29T00:18:13.448
choice-moving,Surfer1@bmm,4839,323,6643,6643,644,NULL,1310346,1310346,1310346,NULL,LIMIT,SELL,1,99,2018-08-29T00:18:24.925,2018-08-29T00:18:24.928
choice-moving,Surfer6@bmm,4844,323,6643,6643,645,NULL,1310347,1310347,1310347,NULL,LIMIT,SELL,1,1,2018-08-29T00:18:43.625,2018-08-29T00:18:43.628
choice-moving,Surfer1@bmm,4839,323,6643,6643,643,NULL,1310348,1310348,1310348,1310349,LIMIT,BUY,1,100,2018-08-29T00:18:47.380,2018-08-29T00:18:57.657
choice-moving,Surfer1@bmm,4839,323,6643,6643,643,NULL,1310349,1310348,1310348,1310348,CANCEL,BUY,1,100,2018-08-29T00:18:57.651,2018-08-29T00:18:57.657
choice-moving,Surfer10@bmm,4848,323,6643,6643,642,NULL,1310350,1310350,1310350,NULL,LIMIT,SELL,1,100,2018-08-29T00:19:11.571,2018-08-29T00:19:11.574